2002 3464
909 351 989 390 157

113 519 115 525 s
159 480 371 530 quantum
417 479 545 518 licere
592 475 781 525 oportuit
828 476 1038 526 ostendet,
1083 486 1212 524 quam
1255 476 1415 515 misere
1456 476 1563 516 nihil
1605 477 1734 516 liceat

158 554 461 595 Parmenoni.’'
503 551 712 601 Equidem
750 551 862 591 hanc
892 561 1081 600 propono
1114 551 1368 591 lectionem:
1406 563 1488 602 „ex
1520 563 1570 592 eo
1602 563 1731 600 quan-

158 632 254 672 tum
295 631 423 670 liceat
464 627 653 678 parasito
686 627 876 667 ostendit
907 629 951 666 et
981 637 1113 676 quam
1144 627 1304 667 misere
1336 628 1443 666 nihil
1474 628 1604 667 liceat
1634 628 1731 667 Par-

158 706 376 747 menoni.’'
419 703 703 744 Sabbadinius
744 713 847 742 vero
888 703 1032 742 locum
1075 703 1139 743 sic
1170 702 1367 743 refinxit:
1405 704 1543 754 „Age
1574 705 1732 743 modo

162 783 307 833 <i>
343 791 486 822 nunc
516 779 624 820 tibi
655 781 856 828 patent
886 780 987 819 hae
1018 779 1186 827 fores]
1221 790 1277 819 ex
1309 791 1358 819 eo
1390 781 1602 828 quantum
1635 780 1732 819 Par-

157 858 333 899 menoni
362 857 491 897 licere
527 855 655 904 <ire
674 855 718 902 >
758 856 947 904 oportuit
978 855 1179 906 ostendit,
1215 857 1416 904 quamvis
1448 856 1509 895 ire
1535 855 1644 895 nihil
1671 856 1733 895 illi

137 911 328 975 xliceat.”
356 932 493 984 Quam
520 932 680 971 vellem
712 942 790 970 suo
823 932 994 980 ingenio
1026 931 1097 971 hic
1127 942 1234 971 usus
1267 933 1384 971 esset
1414 932 1482 971 vir
1512 933 1731 981 praestan-

155 1009 377 1056 tissimus:
420 1019 524 1048 nam
565 1018 680 1047 nunc
721 1008 819 1047 illos
860 1008 1059 1047 imitatus
1100 1007 1284 1058 videtur,
1319 1008 1392 1056 qui
1424 1008 1620 1047 codicum
1652 1009 1731 1047 lec-

154 1085 296 1126 tiones
330 1085 599 1134 coacervant,
633 1084 671 1123 si
703 1083 812 1123 forte
846 1094 901 1123 ex
933 1083 1107 1123 illarum
1139 1084 1265 1123 ruina
1295 1095 1400 1124 vera
1430 1084 1558 1124 lectio
1591 1084 1733 1133 colligi

155 1161 305 1211 possit.

215 1238 285 1278 56.
327 1237 539 1287 Nequis
579 1237 730 1276 forte
762 1236 1179 1283 internuntius]
1218 1247 1299 1286 „ex
1331 1237 1400 1276 his
1431 1238 1576 1277 verbis
1607 1238 1733 1277 datur

154 1313 394 1364 intelligere
419 1313 662 1364 parasitum
690 1324 712 1353 e
740 1314 867 1352 domo
894 1313 1142 1352 meretricia
1169 1313 1356 1362 egredi.”
1385 1314 1479 1353 Non
1507 1325 1562 1353 ex
1588 1315 1733 1353 verbis

153 1391 309 1440 quibus
354 1391 493 1430 utitur
533 1390 751 1440 parasitus
794 1390 836 1429 id
878 1392 1068 1440 apparet,
1112 1390 1188 1428 sed
1231 1400 1286 1428 ex
1328 1401 1377 1429 eo
1419 1391 1531 1439 quod
1573 1391 1732 1430 iterum

153 1466 470 1507 Parmenonem
497 1467 730 1516 alloquitur
757 1477 857 1506 cum
883 1466 1010 1516 paulo
1033 1467 1134 1506 ante
1151 1466 1327 1506 Thaidis
1345 1467 1473 1506 aedes
1490 1467 1730 1507 intraverit.

214 1621 268 1672 ΙΙ,
303 1622 343 1671 3,
378 1621 418 1661 9.
451 1621 662 1660 Praeut
693 1620 862 1659 huius
894 1619 1085 1659 rabies
1117 1630 1255 1668 quae
1288 1620 1459 1667 dabit]
1492 1631 1650 1670 „prae
1678 1632 1734 1660 ex

153 1697 476 1748 comparatione
517 1695 745 1746 significat.
789 1696 898 1745 Ergo
940 1696 1131 1746 proprie;
1176 1698 1220 1736 et
1261 1698 1328 1736 est
1369 1697 1537 1747 integra
1573 1698 1732 1737 locutio

154 1775 199 1814 et
239 1774 342 1814 ordo
384 1775 473 1813 est:
516 1775 670 1823 praeut
711 1772 785 1812 illa
827 1773 930 1811 sunt
967 1783 1075 1821 quae
1108 1772 1237 1812 huius
1269 1773 1411 1812 rabies
1443 1774 1603 1813 dabit.''
1636 1774 1734 1813 Est

153 1850 266 1899 quod
296 1851 396 1900 post
427 1849 557 1889 ordo
589 1849 747 1898 legitur
777 1848 926 1897 utique
959 1848 1271 1897 abiiciendum;
1306 1859 1392 1888 non
1422 1849 1508 1898 legi
1535 1850 1580 1888 in
1612 1850 1730 1889 codd.

153 1925 200 1966 Τ.
232 1937 275 1966 v.
308 1926 593 1966 Sabbadinius
625 1936 704 1965 nos
736 1925 872 1964 docet.
906 1924 967 1964 De
994 1925 1221 1978 proprie
1249 1935 1289 1964 v.
1320 1925 1373 1964 ad
1400 1926 1454 1976 II,
1486 1927 1525 1975 2,
1556 1927 1624 1975 56,
1655 1926 1730 1965 ubi

152 2001 333 2052 legitur:
369 2002 564 2052 „proprie
597 2002 934 2041 internuntius.”
1294 2002 1298 2005 '

212 2079 385 2119 Auditis
418 2078 633 2118 Chaereae
666 2077 809 2117 verbis
841 2078 1054 2117 Parmeno
1081 2077 1371 2117 exclamavit:

839 2164 863 2193 o
895 2153 1213 2193 infortunatum
1245 2155 1420 2193 senem!

391 2231 475 2271 Hic
504 2241 608 2271 vero
640 2233 708 2271 est
738 2231 812 2280 qui
843 2231 882 2270 si
913 2230 1138 2281 occeperit,

391 2308 560 2347 Ludum
592 2307 820 2355 iocumque
852 2306 966 2346 dicet
1000 2306 1136 2345 fuisse
1168 2306 1292 2345 illum
1325 2306 1548 2357 alterum‚.

391 2384 550 2423 Praeut
581 2383 710 2422 huius
742 2382 884 2422 rabies
916 2393 1026 2431 quae
1058 2382 1189 2422 dabit.

152 2460 421 2500 Annotatur:
468 2460 563 2511 „hic
602 2470 657 2498 ex
688 2461 810 2509 parte
843 2458 1106 2498 characteris
1139 2458 1302 2497 inscius
1334 2459 1510 2507 quidem
1543 2460 1610 2498 est
1640 2469 1730 2508 per-

153 2547 286 2577 sonae
323 2536 550 2587 Chaereae,
584 2546 714 2585 quem
745 2535 940 2574 moribus
972 2534 1146 2574 coniicit
1177 2544 1331 2574 servus
1364 2535 1654 2574 ardentiorem
1687 2535 1730 2574 in

153 2623 348 2653 amorem
375 2611 468 2652 fieri
494 2612 663 2662 posse.'’
691 2612 779 2651 Aut
808 2612 1008 2660 corrupta
1034 2611 1141 2650 haec
1158 2612 1261 2650 sunt
1278 2612 1354 2650 aut
1369 2612 1624 2660 pronomine
1641 2612 1731 2650 hic

152 2691 276 2740 pater
292 2689 507 2729 Chaereae
523 2687 804 2738 significatur.
824 2687 1108 2727 Sabbadinius
1127 2687 1321 2726 coniicit:
1350 2688 1451 2726 hoc
1478 2698 1543 2726 ex
1569 2690 1732 2737 parte

154 2765 514 2806 characteris
554 2765 731 2804 istius
773 2764 996 2813 quidem
1040 2765 1139 2802 est.
1175 2763 1264 2812 Quo
1297 2764 1462 2802 sensu?
1494 2764 1683 2803 obsecro.

217 2842 297 2892 „Et
326 2841 397 2880 hic
429 2841 670 2880 ostenditur
701 2839 959 2889 iampridem
990 2840 1138 2878 motus
1170 2839 1214 2878 in
1246 2849 1316 2878 res
1347 2839 1566 2878 Venereas
1599 2839 1728 2879 Chae-

153 2919 316 2958 ream.''
350 2917 610 2956 Rectissime
643 2916 926 2955 Sabbadinius
959 2914 1210 2955 Chaerea
1240 2925 1315 2963 pro
1348 2914 1667 2954 Chaeream.
1754 2895 1757 2898 Ι
