2002 3464
1008 393 1063 431 44

379 518 458 556 Sed
490 516 765 556 neminemne
798 517 1013 556 curiosum
1046 516 1301 556 intervenire
1334 527 1446 555 nunc
1476 517 1584 555 mihi

378 591 456 640 Qui
487 602 557 630 me
589 593 792 639 sequatur
824 602 989 640 quoquo
1021 602 1129 641 eam,
1163 591 1383 641 rogitando
1415 592 1633 642 obtundat,
1658 591 1808 641 enicet,

379 666 484 715 Quid
511 666 696 715 gestiam
724 668 798 706 aut
825 667 923 715 quid
949 667 1089 706 laetus
1116 667 1211 716 sim,
1241 678 1322 715 quo
1343 678 1530 716 pergam,
1550 667 1661 706 unde
1678 677 1809 706 emer-

1378 745 1505 792 [gam,
1539 742 1611 781 ubi
1642 741 1752 781 siem

376 817 594 855 Vestitum
621 817 734 856 hunc
763 818 928 867 nactus,
958 817 1056 866 quid
1083 817 1191 856 mihi
1217 828 1431 867 quaeram,
1451 825 1583 856 sanus
1599 817 1684 856 sim
1701 827 1811 856 anne

1172 884 1176 889 ’
1499 892 1749 939 [insaniam!
1774 942 1778 944 ἡ

259 967 338 1006 Η16
386 979 484 1006 611111
527 968 755 1016 alloquitur
796 968 996 1017 Antipho,
1040 968 1179 1017 atque,
1223 967 1264 1006 id
1306 968 1415 1015 quod
1457 969 1571 1006 recte
1612 967 1812 1006 observat

259 1043 499 1081 Scholiasta
559 1044 647 1088 (sed
708 1043 839 1082 verba
895 1043 987 1082 eius
1042 1044 1144 1082 sunt
1200 1044 1422 1092 corrupta),
1475 1043 1612 1081 facete
1667 1042 1812 1082 omnia

258 1118 470 1157 Chaereae
497 1119 627 1157 verba
653 1118 819 1168 repetit,
848 1119 896 1157 ut
922 1118 1031 1157 sciat
1057 1118 1128 1157 ille
1154 1129 1201 1157 se
1227 1118 1477 1157 iamdudum
1499 1118 1550 1156 ab
1568 1117 1811 1166 Antiphone

259 1194 488 1232 observari.

315 1269 476 1307 Nactus
519 1279 616 1317 ergo
655 1269 726 1317 qui
758 1269 904 1308 audiat
935 1270 1149 1318 rogetque,
1183 1269 1235 1307 ab
1268 1268 1388 1307 initio
1421 1269 1473 1307 ad
1504 1267 1635 1306 finem
1666 1269 1813 1307 narrat

258 1343 446 1383 Chaerea
487 1355 698 1392 quaenam
740 1344 820 1383 sibi
863 1345 906 1382 in
948 1344 1121 1382 Thaidis
1163 1343 1338 1382 aedibus
1379 1343 1579 1392 obtigerit
1613 1343 1809 1392 felicitas,

257 1420 484 1468 omniaque
527 1420 888 1468 quemadmodum
929 1420 1051 1468 gesta
1088 1420 1189 1458 sunt
1220 1420 1416 1457 accurate
1451 1418 1663 1457 describit.
1698 1417 1812 1467 Quae

257 1495 325 1534 hic
368 1496 559 1543 repetere
601 1495 700 1543 quid
736 1496 873 1544 opus?
904 1495 989 1534 Res
1021 1495 1136 1533 enirn
1169 1494 1261 1542 ipsa
1291 1494 1478 1542 loquitur
1510 1495 1552 1532 et
1583 1494 1734 1541 sponte
1765 1503 1812 1532 se

257 1571 381 1610 offert
422 1571 460 1609 ei
501 1571 572 1619 qui
613 1572 753 1609 semet
792 1570 955 1619 legerit.
1000 1571 1080 1609 Sed
1121 1580 1256 1618 pauca
1296 1569 1393 1608 inde
1425 1569 1468 1607 in
1499 1568 1690 1607 medium
1721 1579 1810 1618 pro-

256 1647 493 1685 trahamus.

315 1733 378 1760 vs.
414 1723 497 1761 569
531 1733 620 1770 sqq.

374 1798 475 1836 Erat
507 1798 680 1846 quidam
713 1798 945 1846 eunuchus,
980 1807 1107 1845 quem
1139 1797 1358 1835 mercatus
1388 1796 1529 1835 fuerat
1558 1796 1690 1835 frater

1632 1869 1810 1920 [Thaidi,

374 1949 518 1997 Neque
549 1948 587 1987 is
619 1949 825 1987 deductus
857 1948 989 1987 etiam
1022 1949 1116 1986 tum
1148 1947 1199 1986 ad
1233 1957 1351 1995 eam3
1386 1946 1634 1986 submonuit
1664 1956 1735 1984 me

1588 2021 1812 2068 [Parmeno

373 2099 436 2138 Ibi
468 2110 631 2148 servus,
666 2099 775 2147 quod
808 2109 884 2147 ego
917 2097 1086 2146 arripui.

256 2175 364 2213 Male
398 2185 468 2212 me
500 2175 629 2213 habet
660 2185 723 2212 vs.
759 2175 840 2212 571
876 2174 952 2212 ibi
985 2174 1054 2211 vel
1085 2173 1226 2222 potius
1258 2173 1376 2210 locus
1410 2172 1479 2210 ubi
1511 2170 1700 2220 positum
1732 2173 1810 2210 est.

257 2249 338 2295 (An
369 2250 477 2288 10116
510 2250 630 2288 eius
662 2260 719 2288 sc.
753 2249 1044 2294 Phaedriae?).

320 2325 476 2374 „Thais
509 2324 579 2363 ubi
610 2335 680 2362 me
712 2334 786 2372 pro
818 2324 1019 2362 Eunucho
1053 2323 1257 2371 accepit,'’

376 2399 659 2439 Commendat
689 2399 914 2447 virginem.
949 2398 1029 2437 An.
1065 2398 1202 2447 Quoi?
1234 2397 1397 2436 tibine?
1432 2395 1500 2435 Ch.
1534 2395 1648 2434 Mihi.

1249 2472 1345 2518 [An.
1381 2471 1494 2510 Satis
1526 2472 1619 2510 tuto
1650 2471 1810 2510 tamen.

261 2551 394 2600 „Quid
420 2550 490 2589 hic
514 2550 619 2589 facit
644 2551 889 2588 tamen?'’
918 2551 1040 2598 rogat
1067 2548 1316 2596 Scholiasta,
1346 2549 1389 2586 et
1415 2547 1608 2586 subiicit:
1641 2547 1812 2595 „utrum

256 2627 357 2665 hoc:
402 2625 482 2664 etsi
514 2625 722 2664 meretrix
753 2626 901 2663 tamen
933 2624 1040 2663 satis
1072 2625 1165 2662 tuto
1197 2623 1317 2671 agit?
1348 2623 1437 2660 An:
1471 2622 1553 2661 etsi
1585 2621 1808 2670 Chaereae,

258 2701 365 2740 satis
407 2702 500 2739 tuto
542 2702 702 2748 tamen,
747 2699 846 2747 quia
887 2699 1030 2738 nullus
1071 2697 1244 2736 accedet
1286 2696 1395 2735 alius
1407 2697 1454 2734 ?”
1497 2696 1606 2734 Illud
1645 2695 1809 2737 malim.

256 2776 426 2824 Belgice
453 2776 516 2814 sic
541 2776 629 2814 fere
655 2776 910 2814 vertendum
936 2776 985 2813 ut
1011 2773 1188 2812 ridentis
1214 2772 1472 2821 Antiphonis
1488 2783 1575 2811 vox
1591 2771 1809 2810 audiatur:

260 2852 364 2900 „Nu,
398 2851 471 2889 dat
501 2861 593 2889 was
625 2851 708 2888 dan
739 2850 838 2888 toch
870 2860 973 2888 voor
1003 2849 1109 2887 haar
1140 2848 1247 2886 doen
1279 2857 1363 2895 nog
1389 2847 1429 2885 al
1455 2846 1718 2894 voorzichtig
1743 2856 1809 2894 ge-

256 2926 482 2966 handeld.''
517 2925 601 2966 Cf.:
635 2926 734 2966 huic
765 2925 944 2965 mandes
977 2922 1114 2974 siquid
1147 2923 1261 2964 recte
1294 2923 1490 2964 curatum
1524 2921 1643 2963 velis.
