2002 3464
1048 420 1129 459 162

302 546 529 586 Klotziana
573 545 755 585 lectione
769 556 776 583 :
829 545 925 594 „qui
972 547 1267 596 apparuerant,
1310 547 1477 594 quoties
1519 558 1678 596 coquus
1720 546 1854 600 affuit,

304 622 370 661 vel
413 621 580 670 quoties
612 621 857 660 convivium
890 621 956 659 est
988 620 1313 660 constitutum.”
1346 622 1493 661 Malim
1524 624 1673 663 tamen
1705 634 1730 663 a
1740 635 1766 674 p
1778 635 1804 674 p
1817 635 1856 664 a·

302 699 548 736 ruerunt.
577 697 820 735 Perfectum
848 697 994 734 autem
1016 696 1059 733 in
1075 696 1218 735 verbis
1246 707 1344 745 app
1359 700 1641 748 aruerunt,
1671 699 1855 750 affuit,

303 775 388 812 est
425 773 805 812 constitutum
842 782 935 811 rem
967 770 1192 821 significat,
1226 782 1333 820 quae
1366 774 1608 813 antehac
1639 785 1859 824 semper

300 849 415 887 facta
455 849 523 887 sit.
568 848 818 887 Conclamat
849 847 974 886 miles
1007 857 1079 886 eos
1111 847 1182 895 qui
1212 850 1436 896 praesente
1469 859 1600 897 coquo
1633 850 1859 890 abfuerunt

300 935 532 973 nunquam.
590 925 817 963 Praeterea
868 934 953 962 non
999 923 1226 972 legendum
1272 935 1299 962 v
1313 924 1360 963 el
1406 934 1433 973 >q
1444 935 1472 963 u
1485 925 1563 964 oti
1577 935 1599 964 e
1611 935 1632 964 s
1679 936 1701 965 c
1713 936 1737 965 o
1749 936 1816 965 nv
1827 926 1856 965 i-

299 1001 448 1040 vium
481 1002 567 1040 est
599 1000 981 1040 constitutum
1008 999 1105 1038 sed:
1139 999 1191 1038 id
1223 1001 1309 1039 est
1340 1001 1566 1048 quoties
1599 1011 1633 1040 c.
1653 1012 1687 1041 e.
1707 1012 1741 1041 c.

357 1136 405 1186 V,
445 1137 483 1186 3,
519 1137 558 1175 9.
591 1136 788 1174 Eccum
819 1135 1219 1174 Parmenonem
1251 1135 1528 1175 incedere*
1547 1137 1723 1183 video]
1761 1147 1856 1186 „res

298 1212 391 1250 odio
434 1212 610 1260 dignior,
654 1211 844 1250 novitate
887 1210 1050 1249 scilicet
1086 1201 1324 1249 incessus.”
1369 1211 1529 1250 Sensus
1570 1212 1639 1251 hic
1674 1212 1782 1251 latet
1812 1212 1856 1252 in

297 1288 439 1327 verbis
491 1287 700 1336 corruptis
714 1299 722 1325 z
776 1287 829 1325 in
842 1297 863 1325 c-
876 1297 898 1325 e
911 1287 935 1325 d
949 1297 970 1325 e
983 1297 1010 1325 n
1023 1287 1074 1325 di
1116 1286 1296 1325 verbum
1340 1289 1383 1326 et
1424 1288 1746 1328 substantivum
1787 1288 1855 1328 in-

299 1374 320 1402 c
333 1374 355 1402 e
367 1374 388 1402 s
401 1374 421 1401 s
433 1374 460 1402 u
473 1373 494 1402 s
526 1364 576 1401 de
608 1363 787 1411 superbo
821 1372 870 1401 ac
901 1362 1117 1410 arroganti
1150 1362 1324 1401 homine
1358 1363 1593 1402 adhibetur.

357 1498 405 1548 V,
451 1499 488 1547 5,
537 1498 602 1536 19.
650 1497 880 1546 „Pythias”
925 1496 1163 1535 Scholiasta
1204 1497 1265 1535 ait
1310 1498 1533 1546 „laborans
1565 1498 1617 1537 ad
1649 1499 1854 1538 contradi-

298 1574 479 1613 cendum
526 1574 746 1612 amitteret
790 1572 919 1611 fidem
965 1572 1168 1620 supplicis
1214 1574 1462 1620 personae.”
1506 1574 1855 1622 Ingeniosissime
1914 1632 1916 1634 ·

296 1649 620 1696 rectissimeque
675 1647 1001 1686 Westerhovius
1052 1657 1126 1695 pro
1173 1647 1455 1695 supplicis
1500 1648 1691 1696 reposuit
1735 1649 1853 1687 sirn-

298 1724 481 1772 plicis.

355 1859 404 1909 V,
449 1860 487 1908 6,
535 1859 570 1897 1.
618 1858 860 1907 „Firmatur
899 1857 1060 1896 mentis
1101 1858 1242 1896 status
1274 1858 1527 1906 trepidantis
1559 1859 1675 1898 senis
1705 1860 1755 1898 ut
1785 1869 1852 1908 ap-

294 1936 443 1983 pareat
474 1945 604 1982 quam
631 1933 897 1989 ¹inopinato.''
931 1933 1056 1972 Haud
1089 1933 1212 1972 dubie
1241 1935 1439 1982 corrupta
1464 1934 1582 1974 haec.
1610 1934 1855 1983 Requiritur

294 2011 532 2050 sententia:
584 2009 760 2060 „firmus
806 2010 967 2048 mentis
1014 2010 1156 2048 status
1200 2007 1454 2058 (depingitur
1494 2011 1687 2057 minime)
1729 2011 1852 2060 trepi-

294 2087 436 2126 dantis
478 2087 621 2125 senis”
665 2087 690 2126 i.
711 2097 745 2125 e.
793 2096 952 2136 „senex
993 2085 1171 2124 verbose
1213 2086 1460 2134 placideque
1490 2097 1638 2126 secum
1668 2088 1854 2136 loquitur

293 2164 342 2201 ut
373 2163 445 2211 qui
476 2163 580 2201 mali
611 2143 779 2201 metuat
809 2162 956 2200 n1h11.”

356 2240 424 2278 24.
458 2239 588 2277 Num
632 2239 760 2287 quid
793 2239 878 2277 est
910 2237 1062 2276 aliud
1094 2238 1227 2276 mali
1262 2238 1534 2284 damnive]
1571 2237 1705 2287 „Cum
1736 2239 1851 2278 dam-

294 2326 399 2353 num
426 2314 591 2354 malum
619 2314 687 2363 sit,
717 2314 768 2352 de
795 2313 990 2362 proximo
1019 2312 1222 2351 collatum
1250 2313 1545 2352 discernitur.”
1574 2314 1642 2352 Sic
1669 2314 1850 2364 accipio:

297 2390 530 2438 „damnum
572 2390 738 2428 malum
780 2389 953 2436 quidem
995 2389 1073 2436 est,
1117 2387 1191 2426 sed
1232 2388 1270 2425 si
1301 2388 1495 2436 proxime
1528 2389 1638 2427 inter
1669 2399 1716 2428 se
1746 2390 1852 2429 haec

293 2465 501 2504 vocabula
532 2466 758 2514 ponuntur,
793 2464 1023 2502 discrimen
1054 2462 1286 2501 nascitur.''

354 2568 402 2648 V,
458 2600 495 2648 8,
549 2600 584 2638 1.
637 2599 715 2648 „Et
760 2573 889 2646 supra
935 2607 1067 2645 quum
1113 2597 1165 2635 ad
1211 2597 1332 2635 litem
1377 2597 1559 2647 venitur,
1609 2608 1663 2637 ex
1707 2598 1850 2638 verbis

296 2674 528 2713 Thrasonis
584 2674 864 2713 manifestum
921 2674 988 2711 est
1043 2673 1086 2711 et
1137 2671 1407 2711 Gnathonem
1454 2673 1639 2726 invitum
1685 2674 1847 2722 sequi.”

297 2750 556 2800 Quantocius
588 2751 772 2789 alterum
805 2750 919 2788 istud
951 2750 1004 2787 et
1034 2748 1346 2796 expellendum.

355 2885 403 2935 V,
439 2886 477 2935 9,
508 2886 575 2924 20.
604 2885 695 2924 Hoc
727 2884 917 2923 scholion
944 2884 987 2922 et
1013 2882 1122 2930 quod
1149 2882 1341 2930 sequitur
1366 2883 1472 2921 bene
1499 2893 1524 2921 a
1549 2883 1846 2923 Westerhovio

295 2963 396 2999 sunt
426 2961 638 3000 restituta.
