2002 3464
1017 401 1098 439 156

332 506 477 553 Neque
533 506 678 544 minus
734 507 863 555 probo
911 508 1022 554 quod
1068 517 1142 556 pro
1189 518 1351 556 quum
1397 510 1588 558 potius
1635 511 1830 560 recripsit

274 581 465 629 potius
498 591 669 629 quam.

334 657 402 695 25.
450 656 515 695 Ad
567 657 777 705 originem
823 658 1049 697 nominum
1095 660 1324 699 macelli
1371 662 1415 699 et
1459 661 1569 699 fori
1617 663 1829 711 cupedi-

273 731 420 770 narii
467 732 766 780 explicandam
813 734 856 772 et
902 733 986 772 alia
1032 745 1054 772 e
1100 734 1289 774 Varrone
1335 736 1571 775 afferuntur
1617 738 1661 776 et
1700 737 1828 776 haec:

276 806 370 855 „his
417 807 633 852 (Numerio
680 808 848 855 Equitio
896 807 1045 857 Cupite
1088 811 1131 848 et
1171 810 1380 850 Romanio
1422 812 1611 857 Macello)
1644 812 1688 850 in
1719 813 1828 851 exsi-

271 882 376 920 lium
406 882 514 921 aotis
540 882 756 930 publicata
782 885 884 922 sunt
909 884 1031 934 bona,
1062 886 1105 923 et
1131 886 1257 924 aedes
1283 886 1355 924 ubi
1372 887 1623 925 habitabant
1639 886 1827 936 dirutae;

273 967 378 1005 eque
420 967 470 995 ea
510 958 690 1006 pecunia
720 958 862 997 scalae
893 959 1030 998 Deum
1062 960 1289 999 Penatium
1321 961 1568 1000 aedificatae
1600 963 1713 1000 sunt.
1746 962 1830 1001 Ubi
1891 1004 1896 1008 ,

271 1032 534 1082 habitabant,
583 1033 714 1082 locus,
763 1034 835 1072 ubi
881 1035 1080 1073 venirent
1127 1045 1178 1074 ea
1224 1046 1331 1083 quae
1372 1037 1573 1075 vescendi
1615 1048 1745 1077 causa
1785 1038 1830 1076 in

270 1107 421 1146 urbem
463 1109 586 1147 erant
628 1109 801 1148 allata.’'
846 1109 961 1158 Quod
1002 1111 1101 1158 post
1132 1110 1479 1150 aedificatae
1512 1114 1643 1152 sunt
1673 1113 1830 1162 legitur

270 1183 361 1221 ubi
402 1183 763 1233 habitabant,
803 1184 844 1222 id
877 1185 1018 1233 inepte
1050 1186 1281 1234 repetitum
1314 1187 1380 1225 est
1411 1197 1433 1225 e
1463 1188 1827 1235 praecedentibus.

269 1259 445 1297 Locus
488 1260 635 1298 autem
666 1259 754 1297 fere
786 1260 1119 1298 aedificium
1151 1259 1376 1310 significat,
1410 1262 1635 1310 verbisque
1670 1263 1826 1313 „locu5‚

268 1333 340 1372 ubi
381 1334 578 1373 venirent
619 1345 669 1373 ea
710 1345 818 1382 quae
858 1335 1058 1373 vescendi
1101 1346 1230 1374 causa
1260 1336 1304 1374 in
1334 1336 1484 1375 urbem
1516 1338 1639 1376 erant
1669 1337 1827 1377 allata”

269 1409 497 1457 exponitur
523 1419 604 1457 quo
633 1410 808 1448 consilio
832 1410 978 1448 Scalae
995 1410 1133 1448 Deum
1149 1410 1376 1449 Penatium
1392 1412 1551 1460 fuerint
1567 1413 1826 1452 exstructae.

331 1485 518 1533 „Omnes
560 1485 631 1532 qui
673 1485 892 1523 esculenta
933 1486 974 1523 et
1015 1486 1241 1533 poculenta
1273 1487 1463 1524 vendunt
1494 1497 1519 1525 a
1549 1487 1675 1525 rebus
1707 1498 1826 1536 cupe-

269 1559 380 1597 dinis
412 1559 463 1598 ob
491 1560 748 1598 alimentum
775 1560 1036 1608 cupedinarii
1063 1561 1373 1608 appellantur.”
1402 1561 1658 1610 Corruptum
1683 1562 1826 1602 locum

269 1635 436 1682 egregie
469 1635 655 1673 correxit
686 1635 968 1673 Sabbadinius
999 1635 1251 1674 includendo
1284 1636 1345 1674 ob
1377 1637 1722 1676 alimentum.

328 1710 397 1748 38.
430 1709 581 1755 Hice]
619 1719 720 1759 „pro
752 1710 806 1748 hi
837 1710 1022 1748 vetuste.
1055 1710 1283 1758 Virgilius:

444 1784 524 1823 His
551 1786 665 1823 certe
691 1795 828 1832 neque
855 1795 976 1823 amor
1003 1795 1133 1824 causa
1159 1786 1247 1824 est:
1275 1785 1351 1824 vix
1377 1786 1546 1825 ossibus
1571 1786 1762 1826 haerent.

327 1859 433 1908 Quia
473 1860 629 1899 hisce
671 1860 850 1899 debebat
891 1861 1072 1900 dicere.''
1115 1861 1209 1899 Non
1249 1862 1342 1900 tam
1375 1862 1476 1900 sunt
1507 1862 1612 1901 haec
1644 1862 1828 1901 absurda

265 1945 395 1982 quam
436 1935 575 1983 primo
617 1936 794 1984 aspectu
824 1935 1035 1975 videntur.
1070 1936 1139 1975 Sic
1170 1936 1286 1975 enim
1317 1937 1484 1985 Virgilii
1514 1947 1690 1975 versum
1721 1936 1825 1976 acci-

264 2020 364 2058 pere
406 2010 693 2049 Scholiastam
736 2021 911 2049 censeo:
955 2021 1132 2059 neque
1174 2022 1324 2050 amor
1366 2022 1535 2050 causa
1566 2013 1652 2051 est
1682 2013 1727 2051 in
1756 2022 1824 2061 pa-

264 2085 455 2123 renthesi
486 2086 589 2124 sunt
618 2085 759 2134 posita
790 2086 833 2124 et
859 2086 947 2125 his
973 2086 1268 2125 nominativus
1295 2088 1363 2125 est
1388 2097 1463 2135 pro
1489 2087 1669 2127 hisce:
1697 2088 1826 2127 metri

264 2159 380 2198 enim
413 2161 456 2198 et
487 2160 723 2209 euphoniae
755 2170 886 2199 causa
916 2161 1082 2209 syllaba
1115 2171 1171 2199 ce
1204 2161 1440 2200 abiicienda
1470 2162 1564 2201 fuit.

323 2235 379 2273 39
411 2245 473 2284 sq.
772 2236 964 2275 Plurima
995 2236 1134 2275 salute
1166 2236 1481 2275 Parmenonem

560 2311 790 2350 Summum
822 2322 950 2350 suum
982 2311 1176 2360 impertit
1207 2311 1389 2350 Gnatho.

263 2386 332 2425 Sic
372 2386 686 2425 Parmenonem
727 2387 943 2434 parasitus
987 2387 1228 2434 alloquitur.
1271 2386 1515 2426 Annotatur
1560 2388 1691 2436 „haec
1731 2389 1824 2427 tota

261 2461 431 2510 locutio,
459 2461 715 2509 parasiticae
743 2461 980 2510 elegantiae
1008 2462 1051 2500 et
1077 2461 1207 2500 simul
1235 2460 1431 2511 εἰρωνείας
1458 2462 1584 2510 plena
1610 2463 1688 2501 est.
1711 2462 1822 2501 Nam

262 2538 305 2575 et
335 2536 568 2585 plurimam
600 2537 702 2575 dicit
734 2537 772 2575 ei
803 2537 1003 2586 salutem,
1038 2547 1167 2584 quem
1198 2547 1251 2574 ne
1284 2537 1486 2584 exiguam
1518 2537 1691 2585 quidem
1717 2537 1822 2576 velit

262 2612 478 2650 continere
505 2623 540 2650 e.
560 2622 597 2660 q.
616 2613 680 2651 s.'’
710 2611 965 2660 Corruptum
992 2613 1134 2651 locum
1161 2613 1236 2651 aut
1262 2612 1323 2651 ita
1350 2612 1646 2661 corrigendum
1668 2622 1819 2652 censeo

260 2688 310 2725 ut
354 2697 430 2735 pro
468 2687 762 2726 continere
799 2687 967 2735 legatur
1009 2687 1290 2736 obtinere,
1334 2688 1409 2726 aut
1449 2698 1524 2736 pro
1565 2698 1722 2736 quem
1766 2707 1818 2714 -—

261 2762 557 2800 continere
589 2762 881 2810 reponendum
914 2762 1001 2801 cui
1037 2783 1085 2788 —
1122 2762 1468 2810 contingere.

319 2837 388 2875 51.
509 2837 601 2885 Age
618 2838 744 2876 modo
761 2847 875 2876 nunc
890 2837 968 2875 tibi
983 2837 1134 2885 patent
1148 2837 1262 2875 fores
1278 2837 1359 2876 hae
1377 2837 1477 2885 quia
1492 2837 1624 2876 istam
1641 2837 1772 2876 ducis.

262 2911 478 2950 Flebiliter
528 2912 634 2950 haec
685 2922 711 2950 a
756 2912 1021 2950 Parmenone
1067 2911 1277 2950 dicuntur.
1325 2912 1589 2951 Annotatur:
1640 2922 1722 2961 „ex
1767 2922 1816 2950 eo
