2002 3464
1021 397 1103 434 208

341 520 410 558 82.
458 521 734 559 Lacrimis
782 520 1202 566 exstillaveris]
1261 520 1518 569 „stillare
1547 515 1639 559 'est
1688 521 1836 570 guttas

281 595 479 634 emittere
544 606 599 635 ex
665 607 848 646 corpore,
917 596 1137 635 exstillare
1203 595 1344 644 ipsum
1413 605 1564 644 eorpus
1630 595 1837 644 guttatim

279 669 434 709 finiri.”
491 671 704 710 Ultimam
754 682 905 710 vocem
953 672 1197 720 corruptam
1244 681 1408 710 censeo.
1457 671 1558 719 Quis
1606 671 1721 710 enim
1767 671 1846 710 hio

279 746 509 793 passivo
541 747 692 786 loeus?

337 897 385 946 V,
416 897 454 946 8,
485 897 552 935 27.
582 897 855 936 Chremetem
882 898 991 946 apud
1020 908 1200 936 uxorem
1222 898 1312 936 eius
1331 897 1518 936 defendit
1534 897 1757 946 Demipho.
1775 896 1837 936 De

280 972 371 1010 eius
403 973 593 1012 oratione
626 975 668 1012 et
699 973 783 1012 alia
809 974 1070 1012 annotantur
1098 975 1140 1012 et
1165 974 1292 1012 haec:
1325 975 1394 1022 „et
1422 974 1637 1022 epilogum
1665 970 1743 1011 ἀπὸ
1768 976 1838 1024 τῆς

279 1046 435 1093 εὐνοίας
476 1053 543 1097 τῆς
581 1046 772 1099 ἐκβάσεως
808 1049 920 1098 feeit,
956 1049 1191 1087 admonens
1223 1049 1342 1087 illam
1373 1049 1556 1088 oratorie
1587 1049 1833 1088 mansuetu-

279 1123 390 1161 dinis
416 1125 562 1163 suae.'’
590 1125 702 1173 Lege
730 1123 807 1163 ἀπὸ
834 1130 901 1175 τῆς
929 1124 1086 1171 εὐνοίας
1113 1123 1260 1174 καὶτῆς
1278 1125 1530 1175 συμβάσεως;
1554 1125 1835 1174 „argumenta

278 1198 430 1245 quibus
461 1200 612 1238 nititur
643 1202 765 1239 sunt:
799 1200 1097 1239 benevolentia
1128 1202 1171 1239 et
1203 1201 1365 1249 gratiae
1398 1200 1729 1239 reconciliatio.”
1820 1188 1825 1189 ⁷

338 1274 406 1312 59.
444 1275 532 1323 „Tu
562 1276 687 1314 tuum
713 1285 871 1314 nomen
897 1276 991 1314 dio”
1018 1276 1147 1314 verba
1175 1278 1276 1314 sunt
1302 1276 1339 1314 Ν
1342 1275 1599 1314 ausistratae
1627 1276 1679 1314 ad
1705 1275 1833 1315 Phor-

277 1349 480 1388 mionem.
528 1350 793 1389 Annotatur:
845 1350 977 1399 „bene
1022 1352 1080 1390 tu
1125 1351 1376 1399 pronomine
1417 1350 1564 1400 utitur,
1609 1350 1709 1398 quia
1749 1360 1836 1390 non

277 1425 406 1464 habet
446 1436 615 1464 nomen.
659 1426 772 1464 Num
803 1436 961 1464 nomen
992 1436 1077 1465 non
1107 1426 1275 1465 habet
1305 1410 1539 1465 Phormio?
1570 1426 1682 1474 Lege
1713 1435 1832 1464 non-

277 1501 399 1539 dum
430 1503 541 1540 soit
574 1504 645 1547 (so.
678 1502 964 1547 Nausistrata)
998 1512 1071 1550 pro
1103 1512 1208 1540 non
1240 1502 1419 1540 habet.
