2002 3464
922 386 1004 424 159

112 533 115 537 ,
179 511 333 552 Cetera
362 512 442 552 hoc
474 510 740 561 significant:
779 521 891 560 „non
922 511 1054 550 dixit:
1089 511 1214 550 facile
1246 511 1402 560 aliquis
1433 513 1477 550 te
1508 512 1659 561 probet
1691 515 1748 553 ut

179 587 515 637 Eunuchum,
549 587 624 626 sed
656 588 715 625 ut
746 597 840 635 pro
872 586 1135 626 Eunucho
1168 589 1408 635 (tamquam
1441 588 1630 636 aliquem
1657 600 1746 638 pro-

177 663 461 710 Eunuchum).
502 663 612 712 Ergo
653 662 735 701 hoc
775 662 819 701 in
860 663 953 701 tota
994 662 1273 702 annotatione
1304 663 1560 712 primarium
1593 666 1660 704 est
1691 676 1719 704 u
1731 667 1749 704 t

177 750 264 781 non
294 750 390 781 esse
421 739 516 780 ὥστε
547 738 622 779 sed
653 735 706 785 ὥς
738 739 807 777 vel
839 738 980 791 ὥσπερ.

235 893 311 943 ΙΠ,
343 893 379 943 1,
411 892 478 943 12.
507 890 745 931 Credere
772 901 988 930 omnem
1016 892 1361 939 exercitum]
1395 894 1562 943 „magis
1589 894 1747 933 ridebis

175 969 215 1008 si
244 968 488 1009 consideres
517 967 707 1007 militem
738 969 892 1006 notum
925 978 1021 1007 esse
1053 969 1228 1016 qui...’'
1261 968 1432 1008 Excidit
1463 970 1615 1009 scholii
1647 981 1747 1019 pars

173 1043 352 1092 ultima;
393 1044 616 1093 praeterea
651 1043 898 1082 militem
930 1046 1124 1083 notum
1157 1046 1406 1093 corruptum
1440 1047 1529 1094 est;
1563 1046 1672 1085 latet
1703 1047 1747 1085 In

139 1159 142 1162 .
174 1130 224 1160 eo
274 1119 446 1170 aliquid,
499 1130 583 1169 quo
635 1121 779 1159 certus
820 1120 996 1168 quidam
1038 1120 1196 1169 gradus
1238 1121 1421 1160 militiae
1463 1121 1744 1170 significatur.

170 1195 278 1242 Vide
308 1205 494 1245 sequens
525 1195 741 1235 scholion:
780 1196 885 1245 „sub
913 1195 1092 1234 obtentu
1117 1196 1271 1235 militis
1300 1207 1351 1235 ea
1377 1197 1565 1236 stultitia
1592 1198 1744 1238 descri-

170 1271 258 1322 psit
286 1271 475 1312 breviter
506 1272 713 1311 comitem
745 1271 913 1320 regium
946 1273 1257 1320 acceptumque
1290 1272 1584 1322 imperatori.'’

233 1333 301 1388 1'9.
333 1347 504 1387 Immo
535 1347 822 1387 nullorum
855 1347 1107 1387 arbitror
1138 1348 1186 1386 si
1218 1349 1404 1387 tecum
1436 1350 1600 1397 vivit]
1640 1351 1746 1399 „hoc

169 1433 350 1464 aversus
375 1434 431 1463 ne
456 1424 585 1463 miles
611 1423 771 1463 audiat.
799 1424 950 1463 Potest
975 1425 1125 1463 tamen
1148 1425 1191 1463 et
1208 1424 1334 1463 aliter
1350 1409 1534 1475 intel'ligi
1550 1427 1746 1466 maxime

169 1510 269 1540 cum
323 1500 508 1540 milite.”
567 1501 706 1540 Sensu
763 1511 888 1540 cassa
944 1501 1063 1540 haec.
1122 1500 1311 1540 Coniicio
1362 1503 1609 1542 maximo
1657 1506 1745 1552 (pro

167 1577 449 1624 maxime):
485 1571 667 1627 ‘,‚tecum
699 1577 896 1616 maximo
929 1587 1028 1616 cum
1060 1577 1322 1617 militeJ'Si
1352 1578 1481 1617 miles
1513 1579 1645 1619 verba
1675 1590 1744 1629 pa-

168 1652 292 1692 rasiti
333 1652 454 1692 audit
493 1653 555 1692 sic
599 1663 650 1692 ea
690 1653 882 1702 accipere
924 1653 1071 1692 debet:
1119 1655 1291 1703 „tecum
1324 1655 1521 1694 omnium
1552 1655 1745 1695 militum

166 1739 344 1769 summo
374 1729 522 1769 vivere
553 1729 676 1779 velle,
711 1729 753 1768 id
785 1731 853 1768 est
885 1731 1050 1769 ceteros
1082 1741 1235 1770 omnes
1266 1732 1476 1771 mortales
1509 1733 1743 1782 aspernari.

169 1804 274 1855 Quis
304 1804 422 1844 enim
453 1805 518 1844 tui
549 1804 708 1844 similis
719 1806 768 1845 ‘?’'

228 1880 428 1920 Scholion
469 1881 522 1920 ad
563 1891 628 1920 vs,
672 1881 727 1920 32
771 1882 814 1920 et
855 1881 1029 1920 initium
1071 1882 1224 1922 scholii
1267 1883 1319 1922 ad
1362 1894 1427 1923 vs,
1472 1885 1528 1924 34
1571 1886 1687 1924 recte
1720 1896 1745 1924 a

167 1956 470 1997 Westerhovio
501 1958 605 1996 sunt
635 1958 877 2008 emendata,
913 1958 1020 1997 item
1053 1959 1143 1998 sch.
1178 1959 1230 1998 ad
1263 1970 1328 2017 vs.
1363 1961 1433 1999 40.

225 2108 302 2159 ΠΙ,
356 2109 395 2159 2,
448 2110 514 2149 10.
562 2110 708 2149 Bene
755 2109 957 2149 fecisti
1005 2111 1148 2150 subito
1198 2114 1427 2161 conspecto
1475 2113 1744 2153 Parmenone
1776 2163 1781 2168 .

166 2177 444 2224 Thaisdicit.
482 2185 750 2225 Annotatur:
787 2186 915 2235 „quid
946 2186 1054 2226 bene
1086 2187 1221 2226 fecIt?
1255 2199 1383 2227 ...an
1415 2189 1527 2237 quod
1559 2189 1744 2228 illuserit

167 2260 419 2300 convicio?”
462 2261 580 2301 Haec
621 2261 718 2310 quis
760 2262 1007 2311 intelligat?
1049 2263 1266 2312 Propono:
1301 2274 1366 2303 an
1398 2265 1539 2313 quod
1572 2266 1741 2305 distu-

165 2335 302 2376 lerit
340 2337 698 2377 convivium?
731 2338 757 2377 i.
778 2349 812 2377 e.
850 2349 933 2388 „an
965 2338 1059 2378 ideo
1092 2339 1240 2379 laudat
1266 2340 1583 2380 Parmenonem
1611 2341 1743 2381 Thais

165 2412 278 2462 quod
313 2413 502 2453 adventu
533 2424 611 2453 suo
643 2424 790 2454 moras
821 2415 972 2454 fecerit
1003 2415 1151 2455 odioso
1183 2415 1257 2455 isti
1290 2416 1488 2456 convivio
1521 2418 1632 2467 apud
1664 2418 1741 2457 mi-

163 2488 301 2539 litem,
344 2499 428 2538 quo
469 2489 558 2529 iam
600 2490 768 2530 abitura
811 2492 946 2530 erat.”
981 2490 1041 2531 cf.
1075 2492 1187 2541 quod
1220 2493 1273 2531 ad
1305 2493 1470 2532 hodie
1502 2494 1546 2532 in
1578 2494 1742 2534 scholio

164 2565 363 2613 sequenti
419 2567 674 2605 annotatur:
736 2567 945 2616 „dulciter
991 2568 1187 2607 additum
1234 2569 1422 2619 hodie,
1471 2571 1595 2618 quasi
1642 2581 1742 2610 cum

164 2641 430 2691 exceptione,
460 2652 543 2690 quo
570 2652 617 2682 se
644 2642 861 2692 significat
887 2654 973 2684 non
1000 2646 1206 2694 perpetuo
1234 2645 1539 2685 obsecuturam
1567 2645 1741 2685 militi.”

228 2718 294 2756 11.
337 2716 488 2757 Dona
529 2718 735 2758 adsunt
765 2719 931 2759 tibia
962 2720 1254 2760 Phaedria.
1290 2721 1468 2761 Sublata
1499 2722 1607 2761 haec
1636 2706 1742 2761 voce

162 2792 376 2832 Parmeno
403 2793 604 2842 loquitur.
632 2794 900 2834 Annotatur:
932 2806 1059 2846 „cum
1077 2796 1151 2835 illa
1168 2797 1247 2836 sub
1264 2798 1518 2846 pronomine
1537 2798 1742 2836 celaverit

162 2878 322 2908 nomen
363 2869 518 2908 militis
560 2880 616 2909 ex
657 2872 750 2910 arte
786 2871 999 2911 Parmeno
1031 2873 1329 2921 pronuntiavit
1360 2884 1386 2912 a
1417 2874 1759 2913 Phaedria.’'.

162 2945 288 2985 Haud
330 2945 503 2994 illepida
544 2946 652 2985 mihi
693 2947 864 2987 videtur
899 2949 1007 2988 haec
1039 2949 1307 2988 emendatio:
1342 2951 1537 2998 aperte
1567 2960 1643 2998 pro
1676 2961 1741 2989 ex
