2034 3484
562 873 877 948 CAPUT
929 874 1328 948 PRIMUM.

215 1199 436 1251 Lepidum,
465 1202 713 1252 venustum,
734 1201 978 1250 elegantem
996 1211 1091 1240 esse
1108 1203 1282 1250 poetam
1300 1200 1551 1239 Terentium
1568 1199 1727 1239 dicenti

155 1275 236 1315 tibi
280 1276 486 1326 permulti
533 1277 838 1317 assentientur.
889 1277 991 1327 Quis
1039 1278 1157 1316 enim
1199 1277 1314 1316 istud
1355 1287 1442 1316 non
1484 1275 1729 1315 sexcenties

157 1353 335 1403 audivit,
385 1352 536 1402 quisve
579 1352 741 1393 infitias
783 1353 844 1392 ire
886 1354 1075 1393 audeat?
1118 1354 1199 1393 Sed
1242 1355 1429 1402 quantus
1472 1353 1530 1391 sit
1571 1351 1730 1391 artifex

158 1429 349 1479 comicus
391 1428 475 1480 ille,
521 1429 859 1479 quotusquisque
903 1441 1052 1470 eorum
1094 1441 1119 1469 a
1165 1430 1318 1478 quibus
1360 1430 1560 1469 laudatur
1592 1428 1725 1477 scit,

156 1504 199 1546 id
231 1507 299 1545 est
330 1506 503 1556 penitus
535 1506 700 1546 sentit?
733 1506 857 1546 Certe
890 1517 975 1546 non
1007 1507 1151 1546 sciunt
1177 1507 1257 1545 hoc
1284 1507 1314 1544 ii
1342 1506 1413 1555 qui
1440 1506 1600 1555 raptim
1629 1516 1728 1544 eum

155 1570 422 1632 percurrunt,
466 1583 519 1622 ad
561 1583 730 1622 exitum
770 1583 941 1622 fabulae
982 1585 1273 1633 properantes,
1317 1584 1544 1631 tamquam
1586 1582 1623 1621 si
1661 1592 1730 1620 res

40 1693 50 1701 ,
95 1702 99 1705 ,
157 1658 240 1698 sibi
286 1658 344 1698 sit
391 1669 490 1698 cum
536 1660 710 1699 nostrae
758 1660 915 1699 aetatis
962 1659 1308 1709 narratiunculis,
1359 1669 1542 1707 quarum
1583 1660 1730 1697 ternas

104 1758 114 1765 .
159 1735 476 1784 quaternasque
527 1735 710 1784 singulis
761 1736 1024 1784 pervolitant
1076 1735 1226 1775 diebus
1274 1735 1485 1774 eiusmodi
1532 1734 1730 1773 lectionis

160 1811 373 1850 amantes.
411 1809 625 1850 Accurate
658 1811 774 1850 enim
806 1813 934 1860 poeta
965 1796 1127 1850 noster*
1143 1812 1350 1860 legendus
1383 1812 1473 1859 est;
1507 1821 1644 1859 neque
1678 1810 1729 1848 ad

161 1895 259 1925 eam
306 1895 399 1925 rem
441 1896 602 1936 magna
643 1897 750 1936 opus
792 1888 859 1926 est
901 1887 1096 1927 doctrina
1137 1887 1335 1927 Latinive
1378 1887 1592 1926 sermonis
1633 1897 1730 1926 rara

160 1961 348 2010 quadam
375 1961 580 2011 scientia;
609 1962 840 2002 sedulitate
867 1973 973 2012 opus
1001 1965 1079 2013 est,
1109 1965 1238 2012 atque
1266 1962 1478 2002 eiusmodi
1500 1962 1730 2002 sedulitate

159 2047 270 2086 quae
300 2037 409 2077 nihil
439 2038 563 2087 parvi
594 2038 723 2078 ducat
754 2039 829 2077 sed
861 2038 1032 2088 singula
1063 2039 1272 2078 vocabula
1302 2040 1538 2088 perpendat
1570 2039 1730 2078 exami-

159 2114 330 2163 netque.
363 2113 417 2154 Et
447 2124 501 2153 ne
532 2114 841 2154 vocabulorum
873 2115 1047 2163 quidem
1079 2115 1171 2154 Vim
1201 2116 1331 2165 probe
1359 2115 1729 2165 novisse-sufficit,

159 2189 245 2229 nisi
269 2189 352 2230 hoc
378 2190 543 2230 accedit
568 2191 617 2230 ut
644 2201 726 2239 quo
755 2190 874 2230 vocis
901 2202 1006 2230 sono
1032 2192 1349 2240 pronuntianda
1375 2192 1464 2231 sint
1490 2194 1730 2242 teneamus,

159 2265 458 2316 loquentisque
490 2267 662 2306 vultum
694 2268 867 2316 gestum
899 2269 1047 2307 actum
1078 2270 1305 2317 tamquam
1337 2270 1588 2318 praesentes
1619 2269 1730 2308 vide-

161 2351 300 2382 amus.
344 2342 532 2382 Gravem
564 2343 688 2383 illum
721 2354 817 2383 esse
848 2344 1040 2383 laborem
1073 2345 1110 2383 si
1143 2345 1238 2393 quis
1271 2345 1385 2384 dicat
1416 2355 1502 2384 non
1534 2345 1732 2393 equidem

161 2428 330 2468 negem.
372 2418 432 2458 At
473 2421 540 2459 est
581 2420 861 2478 dulcissimus
903 2420 1289 2471 suavissimusque,
1335 2431 1473 2469 neque
1506 2421 1578 2469 qui
1610 2421 1733 2460 illum

162 2496 399 2545 susceperit
430 2506 623 2545 unquam
649 2497 782 2536 taedii
810 2497 1043 2546 quidquam
1069 2497 1241 2537 sentiet.
1263 2497 1369 2547 Quid
1397 2497 1508 2546 quod
1534 2507 1588 2536 ne
1615 2497 1735 2536 oneri

163 2580 241 2610 suo
272 2572 527 2612 succumbat
559 2573 727 2612 nullum
755 2575 823 2612 est
848 2573 1110 2622 periculum:
1139 2576 1311 2623 praesto
1340 2574 1458 2613 enim
1486 2575 1552 2612 est
1579 2573 1734 2621 ubique

163 2647 366 2686 strenuus
408 2648 588 2698 adiutor,
633 2649 704 2698 qui
747 2660 846 2688 eum
883 2651 1112 2700 sustentet,
1148 2650 1321 2700 excitet,
1355 2651 1544 2699 moneat,
1580 2649 1735 2697 quique

162 2722 338 2772 longam
380 2725 508 2772 atque
549 2735 748 2774 asperam
790 2725 921 2775 viam,
967 2736 1051 2774 qua
1092 2726 1401 2765 ambulandum
1440 2727 1518 2775 est,
1553 2708 1763 2764 facundo

163 2809 364 2839 sermone
390 2799 567 2839 brevem
593 2801 743 2840 reddat
770 2812 1051 2850 aequamque.
1082 2801 1184 2851 Quis
1212 2802 1270 2841 sit
1297 2803 1386 2841 dux
1412 2802 1483 2841 ille
1507 2804 1550 2841 et
1567 2801 1735 2840 adiutor

164 2877 316 2924 sponte
364 2876 596 2925 apparebit,
647 2879 833 2926 quotque
881 2878 973 2917 eius
1017 2879 1287 2926 quantaeque
1329 2878 1418 2917 sint
1459 2877 1645 2917 virtutes
1687 2879 1735 2915 ut

165 2951 210 2990 in
251 2952 366 2991 clara
407 2954 590 3000 ponatur
631 2953 725 2991 luce
762 2954 909 2992 sedulo
947 2955 1054 2993 dabo
1087 2965 1275 3002 operam.
1311 2955 1379 2993 Sic
1412 2955 1573 3003 optime
1606 2965 1733 3001 quan-

1616 3027 1631 3053 1
