2002 3464
1013 408 1113 453 ‚178

290 535 327 574 si
372 535 595 574 habitet
641 534 800 573 diceret
845 543 930 572 non
973 534 1064 572 erat
1106 533 1346 583 errandum,
1386 533 1531 582 agnita
1561 542 1742 581 persona
1771 532 1844 572 ubi
1883 553 1886 556 <

289 610 454 648 habitet
495 610 685 658 cognito;
729 610 772 648 et
812 609 850 647 si
881 609 1009 647 notus
1042 609 1157 647 esset
1189 608 1306 647 nulla
1337 619 1466 647 causa
1497 607 1767 656 quaerendi.”
1799 607 1844 646 Si

289 685 421 732 Syrus
463 685 665 723 dixisset:
713 684 826 733 „scio
868 684 939 722 ubi
982 683 1110 722 homo
1145 683 1215 722 ille
1257 683 1433 732 habitet,
1469 693 1609 721 errare
1640 682 1728 721 iam
1759 693 1844 722 non

287 762 433 808 posset
478 760 650 809 Demea,
700 760 798 807 quia
845 759 1012 807 cognito
1059 758 1174 797 illius
1220 758 1406 797 hominis
1453 757 1679 807 domicilio,
1713 757 1843 797 simul

286 836 428 884 ipsum
476 837 747 884 agnosceret3
797 837 839 873 et
885 835 922 873 si
969 835 1096 873 notus
1138 834 1209 873 ille
1250 835 1378 873 homo
1411 835 1448 873 ei
1481 835 1596 873 esset
1627 835 1685 880 (et
1715 834 1842 873 notus

287 913 353 950 est
394 912 514 950 cuius
555 910 820 950 domicilium
864 910 1077 956 novimus)
1121 920 1204 949 non
1237 910 1321 949 iarn
1355 911 1445 949 erat
1478 909 1588 958 quod
1620 909 1843 958 quaereret

285 986 487 1025 Demea.'’
522 986 580 1025 Of.
615 985 815 1024 Phormio
848 995 911 1024 VS.
949 986 1056 1024 305:

996 1060 1228 1099 Hominem
1260 1061 1637 1100 commonstrarier

491 1138 546 1176 Mi
578 1138 711 1176 istum
744 1136 851 1185 volo,
886 1138 961 1174 aut
992 1136 1062 1174 ubi
1093 1136 1258 1175 habitet
1289 1136 1632 1187 demonstrarier.

346 1213 414 1252 35.
462 1213 564 1251 Ubi
611 1223 669 1251 eo
711 1212 961 1260 veneris,
1007 1212 1188 1250 clivos
1230 1212 1487 1251 deorsum
1520 1221 1722 1251 vorsus
1754 1213 1842 1251 est

284 1288 384 1327 hac
429 1290 482 1327 te
528 1288 939 1336 praecipitato]
994 1287 1100 1336 „hoc
1144 1287 1302 1326 lentius
1344 1288 1473 1336 aliqui
1516 1288 1675 1336 legunt,
1709 1287 1841 1336 aliqui

285 1363 440 1402 clarius
486 1365 534 1402 ut
575 1363 633 1402 sit
673 1362 1056 1411 praecipitato
1099 1363 1182 1401 cito
1225 1363 1473 1402 descende‚’'
1516 1363 1706 1412 Antiqua
1736 1363 1841 1402 haec

283 1439 408 1478 lectio
455 1449 656 1487 sanaque,
706 1438 788 1476 nisi
831 1438 940 1486 quod
982 1448 1116 1486 pauca
1157 1438 1363 1476 vocabula
1395 1438 1711 1477 desiderantur:
1744 1439 1842 1486 post

283 1515 401 1563 prius
433 1514 548 1552 enim
575 1513 754 1561 aliqui
785 1513 980 1561 legunt
1007 1513 1281 1550 inserendum
1308 1514 1374 1551 est
1400 1495 1458 1551 ut
1484 1513 1561 1551 sit
1586 1513 1840 1552 maledic-

282 1591 409 1628 tum.
443 1588 654 1637 Ambigue
687 1588 803 1627 enim
835 1587 998 1626 dictum
1030 1587 1413 1635 praecipitato
1446 1589 1510 1626 te.

343 1666 411 1703 47.
454 1664 556 1703 Ubi
597 1663 813 1712 potetis
854 1665 975 1708 vos]
1024 1663 1212 1710 „incerta
1252 1673 1454 1710 persona:
1498 1673 1601 1702 nam
1633 1663 1739 1711 Syro
1771 1663 1840 1703 vel

282 1740 467 1778 Demeae
508 1740 588 1778 hoc
620 1739 782 1778 dictum
814 1738 932 1786 iungi
963 1738 1147 1786 potest.”
1180 1737 1260 1776 Pro
1293 1738 1449 1786 iungi
1478 1738 1572 1786 lege
1604 1738 1838 1790 iniungi.

282 1816 335 1855 Et
366 1826 523 1855 nomen
554 1815 788 1854 Demeae
821 1815 1067 1862 corruptum
1101 1815 1189 1861 est;
1223 1824 1307 1852 non
1339 1814 1454 1852 enim
1482 1814 1543 1852 illi
1570 1814 1735 1853 dictum
1761 1813 1840 1853 hoc

283 1893 349 1930 est
380 1891 454 1930 sed
486 1892 576 1939 ipse
609 1891 729 1928 dixit.
765 1889 987 1928 Sententia
1018 1889 1248 1937 requiritur
1280 1889 1406 1928 haec:
1444 1889 1575 1938 „Vos
1602 1887 1838 1938 significat:

283 1969 325 2005 te
358 1977 457 2005 cum
488 1967 578 2005 toto
611 1967 693 2004 isto
726 1966 931 2014 nepotum
963 1965 1132 2013 grege.’'

343 2042 410 2080 48.
454 2041 564 2080 Data
595 2040 712 2079 vocis
746 2040 1113 2078 silicernium
1146 2040 1428 2088 explicatione
1459 2040 1564 2078 haec
1596 2040 1734 2079 addit:
1771 2042 1840 2089 „et

283 2117 345 2154 sic
392 2118 458 2155 est
503 2116 660 2155 melius
707 2126 837 2163 quam
883 2116 932 2153 ut
978 2115 1151 2163 quidam
1193 2115 1477 2163 Xenophonta
1508 2115 1839 2164 interpretantes

282 2194 447 2241 putant,
497 2192 559 2230 sic
604 2202 683 2230 nos
731 2191 1098 2230 Silicernium
1144 2190 1392 2239 intelligere,
1441 2190 1520 2229 hoc
1566 2191 1632 2229 est
1673 2191 1838 2230 silicem

283 2270 529 2306 cernentem
577 2277 738 2316 senem,
789 2267 891 2304 dum
938 2266 1140 2304 incurvus
1182 2266 1259 2314 est,
1304 2265 1371 2304 vel
1412 2266 1573 2304 stratae
1605 2276 1711 2305 saxo
1742 2266 1838 2305 viae

283 2342 475 2381 intentus
520 2343 589 2381 vel
637 2342 887 2390 sarcophagi
929 2341 1107 2380 iamiam
1148 2336 1524 2389 appropinquantis
1566 2341 1689 2393 sibi.”
1731 2341 1838 2391 Quid

283 2419 388 2457 haec
444 2419 589 2457 omnia
645 2418 696 2457 ad
753 2417 1114 2465 Xenophontem?
1174 2415 1350 2463 Baylius
1396 2415 1664 2466 ξυννενοφότα
1709 2416 1834 2465 legit;

283 2494 479 2541 equidem
513 2493 755 2532 comoediae
786 2492 963 2531 titulum
994 2491 1127 2530 latere
1158 2490 1227 2529 hic
1259 2491 1417 2539 opinor.
1455 2491 1680 2530 Stratae
1710 2491 1836 2530 viae

283 2570 348 2606 est
380 2568 596 2616 genitivus
629 2568 679 2606 ab
713 2567 862 2606 eodem
890 2577 1025 2605 saxo
1053 2565 1293 2614 dependens
1322 2576 1346 2604 a
1373 2577 1453 2614 quo
1480 2567 1635 2615 pendet
1660 2576 1834 2606 sarco-

242 2644 449 2692 ‘phagi
491 2642 1015 2692 appropinquantis.

342 2792 410 2841 IV,
456 2793 494 2840 3,
540 2792 578 2830 2.
623 2792 672 2829 In
703 2791 993 2839 peccatum
1026 2790 1206 2828 ortum
1244 2790 1329 2827 est
1360 2799 1510 2828 vocem
1541 2791 1833 2837 peccatum

282 2878 377 2906 esse
409 2867 649 2906 subiectum
680 2867 760 2905 hoc
791 2866 1043 2914 argumento
1075 2865 1415 2903 demonstratur:
1447 2895 1464 2914 „
1473 2875 1691 2912 nunquam
1718 2865 1832 2908 enim

283 2943 431 2981 eadem
462 2953 561 2991 pars
589 2942 792 2980 orationis
815 2940 931 2989 iungi
949 2940 1031 2978 nisi
1047 2950 1122 2988 per
1138 2937 1353 2979 ἀσύνδετον
1369 2941 1552 2989 potest.”
1569 2939 1671 2978 Dele
1697 2939 1831 2978 nisi:
