2002 3464
936 354 992 393 93

174 482 311 530 rogat.
358 481 490 520 Addit
524 480 658 519 frater
688 490 825 528 pauca
856 480 984 519 haec:
1023 480 1180 529 „proba
1212 481 1256 519 et
1286 479 1527 529 modesta,”
1561 480 1604 518 et
1635 478 1747 518 Mici-

176 567 306 596 onem
337 556 493 606 aspicit
523 566 781 604 responsum
814 557 906 595 eius
934 557 1205 605 exspectans.
1234 556 1293 595 At
1320 555 1391 594 ille
1418 555 1480 594 nil
1506 555 1622 594 aliud
1639 555 1746 593 nisi:

178 632 269 683 „ita
298 632 463 672 aiunt.”
497 631 586 682 Quo
619 632 699 671 hoc
731 632 854 671 vultu
888 632 1002 671 dicat
1034 632 1158 672 Micio
1191 633 1315 672 docet
1346 632 1590 671 Scholiasta
1621 642 1748 670 anno-

174 709 328 748 tando:
380 708 487 758 „ita
533 708 714 764 aiunt:
763 708 856 747 Hoc
902 708 964 747 ita
1011 709 1253 758 respondet,
1302 708 1427 757 quasi
1474 708 1610 748 dicat:
1654 708 1750 747 sed

175 785 306 833 quid
336 785 515 823 mea?’'

234 861 407 901 Phorm.
433 861 502 900 86.
532 860 639 910 Quid
666 861 831 900 factum
858 861 917 900 sit
933 862 1185 901 absentibus
1201 862 1389 912 senibus,
1409 862 1545 901 altero
1562 861 1748 911 domino,

175 937 312 977 altero
342 937 472 976 huius
502 937 648 987 fratre,
682 938 831 976 narrat
858 937 966 976 Geta
993 948 1158 988 servus,
1190 939 1258 978 cui
1285 939 1458 978 illorum
1484 937 1562 977 filii
1589 938 1750 977 adoles—

176 1014 324 1053 centes
353 1013 526 1053 fuerant
557 1014 805 1053 commissi:

352 1089 509 1130 Noster
539 1090 646 1129 mali
677 1090 738 1129 nil
769 1091 1001 1139 quicquam
1032 1091 1195 1140 primo:
1230 1091 1300 1130 hic
1331 1091 1542 1130 Phaedria

354 1165 566 1206 Continuo
598 1166 817 1215 quandam
849 1168 1003 1206 nactus
1036 1168 1104 1206 est
1134 1167 1372 1215 puellulam

356 1242 701 1282 Citharistriam:
734 1243 846 1282 hanc
879 1253 1027 1282 amare
1061 1243 1202 1292 coepit
1234 1243 1412 1292 perdite.

354 1319 415 1359 Ea
446 1320 664 1360 serviebat
694 1320 839 1359 lenoni
871 1319 1195 1369 impurissimo:

353 1396 502 1445 Neque
532 1397 645 1445 quod
676 1397 851 1436 daretur
881 1396 1136 1445 quicquam:
1170 1396 1212 1435 id
1244 1397 1447 1435 curarant
1478 1396 1636 1444 patres.

355 1472 566 1512 Restabat
596 1472 712 1512 aliud
744 1472 805 1511 nil
837 1472 920 1511 nisi
955 1473 1102 1512 oculos
1133 1483 1322 1522 pascere.

356 1549 533 1600 Sectari,
567 1549 612 1588 in
642 1549 795 1588 ludum
826 1549 981 1589 ducere
1014 1550 1057 1589 et
1088 1549 1304 1589 reducere.

355 1625 444 1665 Nos
475 1625 604 1665 otiosi
636 1636 813 1675 operam
844 1625 1056 1665 dabamus
1083 1625 1333 1665 Phaedriae.

177 1701 311 1741 Arida
336 1701 444 1742 haec
465 1703 509 1741 et
526 1702 654 1741 exilis
670 1702 807 1742 videri
823 1703 972 1751 posset
987 1702 1190 1753 narratio,
1211 1703 1567 1742 ornamentorum
1585 1712 1752 1751 expers,

178 1777 264 1817 nisi
304 1787 384 1817 nos
425 1778 669 1818 Scholiasta
710 1778 882 1817 doceret
919 1778 1075 1817 Getam
1107 1779 1239 1830 iocari
1271 1778 1416 1817 verbis
1448 1778 1753 1817 sectari...

178 1855 470 1905 reducere,
510 1855 580 1894 vel
611 1855 755 1904 potius
788 1855 1004 1903 cavillari;
1037 1856 1155 1895 recte
1187 1853 1304 1894 enim
1335 1856 1379 1895 et
1411 1865 1467 1894 ex
1498 1854 1606 1894 artis
1637 1865 1754 1904 prae-

180 1930 316 1980 ceptis
342 1931 424 1971 hoc
449 1931 631 1970 verbum
657 1931 850 1980 positum
877 1934 945 1971 est
972 1931 1015 1970 in
1043 1932 1314 1980 lepidissima
1340 1932 1433 1971 eius
1451 1930 1754 1970 annotatione:

184 2007 326 2057 „Bene
367 2007 596 2047 cavillatus
633 2009 700 2047 est
732 2008 776 2046 et
807 2007 1055 2047 ioculariter
1086 2008 1131 2047 in
1163 2008 1496 2059 adolescentem,
1532 2008 1600 2048 cui
1633 2008 1756 2047 aetas

180 2083 244 2122 ad
275 2083 583 2123 sectandos
614 2083 992 2133 philosophos
1025 2085 1127 2133 apta
1159 2085 1294 2124 erat.’'

239 2158 413 2200 Phorm.
462 2160 561 2199 273.
610 2159 814 2210 Antipho,
862 2161 912 2199 ut
957 2170 1136 2200 securus
1183 2171 1283 2200 cum
1325 2171 1406 2200 sua
1437 2160 1580 2200 amica
1609 2161 1757 2201 vivere

180 2238 340 2287 posset,
374 2246 475 2276 cum
506 2235 766 2276 Phormione
793 2236 855 2275 ita
883 2236 1077 2276 collusit:
1106 2237 1159 2276 ab
1186 2237 1260 2277 illo
1287 2238 1333 2277 in
1358 2238 1427 2278 ius
1453 2240 1621 2278 tractus
1646 2239 1756 2278 tam-

181 2323 313 2363 quam
354 2312 392 2352 si
433 2312 576 2352 amica
616 2312 691 2351 illa
733 2310 940 2365 ἐπίκληρος
973 2315 1090 2353 esset
1121 2315 1251 2363 atque
1283 2315 1375 2364 ipse
1407 2315 1500 2355 eius
1533 2316 1755 2365 cognatus

181 2399 312 2438 quem
341 2388 460 2438 leges
491 2398 589 2428 eam
622 2388 776 2428 ducere
807 2399 991 2428 uxorem
1023 2389 1231 2441 iuberent,
1265 2392 1447 2430 tacendo
1479 2401 1527 2430 se
1559 2391 1756 2431 condem—

182 2465 276 2505 nari
321 2475 477 2514 passus
525 2466 604 2505 est.
647 2465 776 2504 Pater
817 2476 1018 2505 reversus
1060 2468 1189 2516 atque
1221 2468 1323 2516 quid
1355 2468 1549 2508 evenerit
1580 2468 1758 2507 edoctus

181 2541 373 2591 graviter
403 2542 630 2580 succenset
660 2541 941 2590 maximeque
967 2541 1068 2593 filio,
1098 2554 1228 2592 quem
1255 2544 1385 2593 probe
1412 2544 1618 2594 intelligit
1643 2542 1758 2583 ultro

182 2617 227 2656 in
254 2617 375 2656 illam
402 2617 675 2657 Phormionis
701 2618 875 2667 plagam
903 2619 1203 2660 incucurrisse.
1226 2620 1425 2670 Dumque
1451 2621 1567 2661 filius
1588 2622 1758 2670 patrem

182 2694 384 2733 metuens
415 2693 572 2743 latitat,
607 2703 784 2734 causam
818 2694 910 2734 eius
942 2695 1034 2744 agit
1059 2696 1192 2735 frater
1217 2698 1426 2746 patruelis
1453 2697 1664 2737 Phaedria
1690 2696 1766 2745 his>

182 2769 328 2808 verbis
361 2769 649 2816 (270—275):

334 2845 379 2884 Si
412 2846 491 2895 est,
525 2847 689 2896 patrue,
725 2847 897 2895 culpam
929 2849 978 2886 ut
1009 2848 1201 2896 Antipho
1233 2848 1278 2887 in
1309 2859 1357 2888 se
1389 2850 1615 2889 admiserit

334 2922 398 2960 Ex
430 2932 514 2970 qua
546 2932 591 2960 re
622 2922 768 2961 minus
800 2923 861 2962 rei
891 2923 1003 2962 foret
1034 2925 1110 2963 aut
1140 2924 1284 2964 famae
1315 2926 1576 2976 temperans,
