2002 3464
897 378 976 416 197

192 504 314 543 Modo
357 505 564 553 Sostrata,
610 504 653 542 in
685 514 816 551 quam
850 503 1034 542 maritus
1067 502 1308 541 contulerat
1340 502 1511 550 culpam
1544 502 1709 540 discidii

130 579 269 620 fllium
300 580 413 620 inter
444 581 488 620 et
518 590 701 620 uxorem
733 581 838 630 eius,
873 580 1164 619 discessuram
1197 589 1243 617 se
1277 578 1387 617 dixit
1415 589 1515 617 cum
1541 578 1708 627 Phidip-

130 665 211 705 pus
243 656 419 695 advenit
450 656 531 696 hoc
562 657 713 695 nuntio
747 667 845 695 eam
876 656 1139 705 purgaturus
1172 657 1250 701 (vs.
1288 655 1379 700 10):

249 733 288 772 A
320 732 540 781 Myrrhina
571 732 677 771 haec
709 734 813 771 sunt
844 742 944 771 mea
975 742 1110 770 uxore
1142 732 1295 770 exorta
1326 731 1485 770 omnia.

129 807 213 848 Hic
245 807 498 857 Pamphilus
525 818 698 847 secum:
731 808 943 857 „mutatio
970 806 1062 847 fit.'’
1090 808 1358 847 Annotatur:
1391 807 1709 856 „mutationem

129 883 422 934 suspicionem
463 883 566 923 dicit
608 895 882 932 erroremque
924 883 1233 932 iurgantium.”
1273 883 1375 932 Quis
1407 893 1600 931 unquam
1631 894 1707 932 pro

129 960 386 1010 suspicio
432 960 502 999 vel
550 971 706 1000 error
753 961 863 1000 dixit
904 961 1182 999 mutatio?
1224 961 1269 999 L.
1313 960 1709 1009 suspicionum

130 1046 497 1085 errorumque
539 1047 614 1086 pro
657 1037 1046 1086 suspicionem
1089 1047 1464 1085 erroremque.
1497 1037 1610 1076 Nam
1642 1047 1709 1076 su-

127 1113 263 1162 spicio
293 1112 364 1152 hic
395 1113 687 1162 suspicionem
719 1113 855 1152 trudit
886 1115 930 1152 et
961 1113 1121 1162 iurgari
1152 1114 1338 1161 pergunt
1370 1113 1482 1152 inter
1514 1123 1561 1152 se
1587 1114 1710 1162 pater

129 1190 345 1240 Pamphili
385 1201 590 1239 socerque
632 1191 676 1229 in
718 1201 881 1230 novum
924 1200 1113 1229 errorem
1156 1189 1332 1228 inducti.
1376 1190 1483 1229 Vide
1525 1200 1711 1238 sequens

129 1266 346 1307 scholion:
379 1267 625 1306 mutatio
657 1267 677 1306 f
685 1267 743 1313 it]
783 1266 1005 1315 „criminis
1038 1265 1204 1304 scilicet
1236 1267 1279 1305 et
1310 1266 1519 1314 peccati.''

190 1343 260 1382 21.
292 1341 456 1393 „Quid
482 1343 748 1382 mulieris
777 1343 957 1381 dixitne
975 1342 1136 1381 diceret
1163 1342 1385 1390 qualem
1412 1343 1711 1382 mulierem

130 1419 206 1458 aut
248 1418 409 1468 aliquid
439 1419 659 1468 gravius.”
693 1419 774 1458 Pro
808 1420 903 1458 aut
934 1419 1104 1467 legatur
1134 1418 1242 1457 sed.
1276 1417 1354 1456 Est
1385 1419 1502 1456 enim
1534 1419 1710 1467 gravius

129 1495 174 1535 et
211 1494 408 1534 acerbius
440 1495 570 1544 quid
601 1495 866 1534 mulieris
899 1495 1070 1534 habes
1103 1505 1234 1543 quam
1267 1494 1489 1543 qualem
1521 1495 1710 1534 mulie-

129 1581 244 1612 rem
276 1571 463 1612 habes.
498 1572 609 1611 Illud
640 1583 746 1612 mox
773 1573 929 1611 dicitur
959 1571 1260 1621 „reprehensio
1289 1581 1388 1610 cum
1416 1572 1711 1620 contemptu.''

190 1648 261 1687 42.
304 1648 419 1698 „Nec
450 1658 601 1697 rogare
634 1659 833 1687 socerum
865 1658 944 1687 nec
976 1648 1186 1687 interesse
1219 1648 1421 1687 convenit
1452 1647 1525 1686 ubi
1557 1648 1713 1687 certior

131 1723 191 1765 sit
227 1724 281 1763 ad
317 1724 631 1773 repudiandum
668 1725 841 1773 gener.’'
881 1725 1033 1773 Inepta
1064 1724 1257 1763 oratione
1294 1724 1375 1763 hoc
1407 1724 1489 1763 dici
1521 1724 1714 1763 videtur:

89 1819 91 1821 ·
136 1799 201 1849 „si
243 1810 400 1849 genero
442 1801 579 1840 semel
612 1801 897 1839 deliberatum
929 1802 997 1839 est
1028 1801 1252 1849 repudiare
1284 1811 1479 1850 uxorem,
1514 1811 1712 1840 socerum

132 1886 219 1916 non
246 1876 370 1916 decet
394 1886 595 1925 rogare
623 1877 662 1922 (i.
683 1887 717 1916 e.
747 1887 895 1926 preces
922 1876 1136 1922 adhibere)
1166 1877 1234 1916 vel
1251 1887 1499 1915 remanere:
1519 1877 1713 1916 abeundo

136 1951 261 1992 litem
291 1950 415 1991 finire
448 1952 615 1991 debet.”
1187 1943 1195 1949 “

191 2029 263 2069 48.
297 2029 530 2070 Alamus
561 2032 831 2069 nostrum.
866 2030 1067 2069 Lachetis
1099 2030 1206 2069 haec
1237 2031 1340 2069 su‘nt
1372 2030 1425 2069 ad
1452 2030 1711 2079 Phidippum

133 2105 279 2145 verba.
323 2105 592 2145 Annotatur:
640 2106 839 2156 „Scilicet
879 2106 1095 2155 Pamphili
1137 2105 1276 2145 filium
1317 2107 1520 2155 nepotem
1563 2117 1712 2145 meum

130 2182 365 2231 utrumque
442 2182 684 2221 nostrum.”
762 2182 843 2221 Pro
919 2193 1099 2222 meum
1171 2183 1472 2231 utrumque
1545 2183 1713 2231 legatur

130 2257 447 2308 utriusque.

195 2335 265 2375 53.
300 2334 652 2383 Indignabundus
683 2336 806 2383 pater
836 2333 975 2373 filium
1006 2337 1151 2384 rogat:

343 2412 549 2461 Ignarum
582 2423 733 2452 censes
764 2414 940 2451 tuarum
972 2413 1253 2453 lacrimarum
1286 2423 1381 2451 esse
1414 2414 1518 2451 me?

134 2489 403 2528 Annotatur:
442 2490 645 2538 „apparet
676 2489 799 2528 illum
832 2499 857 2528 a
890 2489 1087 2528 Sostrata
1118 2489 1198 2528 hoc
1231 2489 1461 2538 audivisse,
1491 2499 1594 2528 nam
1623 2489 1714 2538 ipse

133 2563 274 2604 filium
317 2565 657 2614 deprehenderat
698 2565 919 2604 flentem.''
964 2565 1140 2615 Quando
1183 2565 1367 2604 dicimus
1410 2567 1578 2605 certum
1617 2576 1714 2604 esse

135 2640 326 2689 aliquem
369 2641 422 2680 ab
465 2641 549 2680 alio
591 2641 750 2690 aliquid
793 2642 1044 2681 audivisse?
1085 2643 1250 2691 Nempe
1293 2653 1391 2681 cum
1434 2642 1610 2691 scimus,
1644 2642 1715 2680 vel

136 2716 247 2756 scire
289 2716 414 2756 nobis
456 2717 666 2767 videmur,
712 2728 811 2757 eum
849 2729 935 2758 non
967 2718 1058 2757 suis
1091 2718 1226 2757 oculis
1258 2719 1533 2767 praesentem
1565 2728 1715 2767 cogno-

135 2793 268 2832 visse.
327 2792 438 2841 Ergo
495 2793 625 2832 verbo
677 2794 1134 2842 deprehenderat
1179 2794 1498 2842 praemittenda
1545 2793 1717 2842 negatio

133 2879 252 2908 non.
285 2867 616 2908 Westerhovius
648 2880 752 2908 non
784 2881 858 2918 pro
890 2881 1013 2909 nam
1041 2870 1125 2918 legi
1152 2870 1281 2917 iubet,
1312 2870 1387 2908 sed
1415 2869 1714 2909 coniunctione
1748 2925 1752 2928 Ι

133 2954 256 2984 nam
287 2954 433 2984 carere
465 2945 534 2984 hic
566 2956 652 2984 non
682 2956 928 2995 possumus.
