2002 3464
951 369 1031 407 117

258 493 619 534 Adnumerandae
655 494 724 532 his
765 495 988 543 praeterea
1030 494 1319 544 etymologiae
1356 494 1595 543 nominum,
1630 503 1770 532 servo-

197 579 297 610 rum
327 569 596 620 praesertim.
629 569 632 581 '

257 720 355 765 ΙΙΙ.
396 722 697 772 Philosophica
729 723 954 773 quaedam,
989 734 1126 772 neque
1158 724 1299 764 multa
1330 734 1469 772 neque
1501 724 1659 773 inepta,
1690 719 1765 760 ἀλλ’

196 794 316 838 οὐδὲν
360 796 459 851 πρὸς
499 796 568 837 τὸν
594 795 786 850 Ὅμηρον.
822 799 948 838 Haud
982 800 1134 839 inutile
1166 801 1337 839 videtur
1369 811 1478 849 quae
1509 800 1612 839 sunt
1643 799 1772 838 huius

195 875 365 927 generis
396 875 561 916 afferre.

253 952 384 993 Andr.
432 951 464 1002 Ι,
518 952 554 1002 1,
599 952 639 991 3.
686 951 782 1001 „Ut
824 954 1095 992 curentur
1136 954 1291 992 recte
1333 953 1491 992 haec:
1533 952 1771 1001 Diligenter

193 1028 452 1078 coquantur:
496 1027 660 1067 curatio
701 1028 870 1076 proprie
911 1029 1180 1068 medicorum
1222 1030 1301 1079 est,
1347 1040 1449 1068 cura
1490 1029 1766 1078 reliquorum,

191 1105 269 1145 sed
299 1104 481 1154 coquina
511 1103 751 1143 medicinae
783 1104 1039 1143 famulatrix
1071 1106 1180 1144 est.”
1215 1106 1284 1144 Sic
1311 1106 1462 1155 editur,
1493 1116 1593 1145 cum
1619 1106 1769 1144 tamen

191 1179 534 1230 in·quibusdam
576 1180 793 1220 codicibus
834 1181 892 1219 sit
924 1181 1232 1231 adulatrix,
1267 1182 1378 1230 quod
1410 1182 1559 1230 utique
1590 1182 1766 1231 proban-

191 1256 307 1297 dum.
359 1256 720 1296 Famulatrix
771 1257 888 1295 enim
936 1257 1059 1296 nihili
1106 1259 1175 1296 est
1221 1258 1494 1307 vocabulum,
1544 1258 1588 1297 et
1632 1258 1768 1297 totius

189 1332 484 1391 annotationis
524 1332 606 1372 hoc
646 1333 715 1390 est
756 1332 986 1372 consilium
1028 1335 1077 1372 ut
1118 1335 1324 1383 appareat
1358 1344 1458 1373 eum
1491 1334 1563 1382 qui
1594 1334 1769 1383 scripsit

189 1409 383 1450 Platonis
429 1408 633 1458 Gorgiam
674 1409 845 1459 legisse,
890 1409 962 1448 ubi
1005 1408 1050 1447 αἶ
1086 1407 1258 1461 τέτταρες
1300 1408 1429 1461 τέχναι
1470 1412 1554 1456 ταῖς
1595 1407 1767 1460 τέτταρσι

187 1483 384 1532 θωπείαις
416 1485 702 1534 opponuntur.

163 1600 165 1603 ,
246 1560 314 1600 Ad
359 1570 538 1600 versum
589 1562 845 1609 sequentem
893 1562 1150 1601 annotatum
1199 1561 1446 1600 invenimus
1493 1562 1537 1601 in
1585 1563 1768 1611 quatuor

187 1637 333 1686 partes
379 1636 590 1676 virtutem
637 1637 783 1687 dividi,
832 1638 1119 1687 prudentiam,
1169 1638 1397 1687 iustitiam,
1451 1638 1763 1689 fortitudinem,

189 1713 540 1762 temperantiam.
574 1713 694 1752 Haec
726 1724 893 1762 quoque
926 1715 1102 1763 sumpta
1133 1724 1156 1753 e
1187 1714 1380 1753 Platone.

247 1775 380 1828 Andr.
422 1789 493 1839 IV,
534 1790 573 1839 3,
607 1790 643 1829 1.
677 1790 744 1829 Ad
776 1790 929 1829 verba:
968 1790 1122 1842 „Nilne
1151 1800 1247 1829 esse
1279 1790 1500 1839 proprium
1533 1791 1764 1840 cuiquam”

187 1865 296 1904 haec
336 1866 621 1905 annotantur:
669 1876 824 1915 „omne
871 1866 984 1914 quod
1036 1866 1247 1905 habemus
1290 1866 1366 1905 'aut
1413 1867 1667 1905 mutuum
1700 1868 1768 1906 est

190 1944 266 1981 aut
296 1941 598 1991 proprium.
633 1942 742 1991 Ergo
774 1943 1065 1991 proprium
1097 1943 1366 1992 perpetuum,
1401 1944 1450 1982 ut
1481 1943 1711 1992 Virgilius:

609 2017 786 2067 Propria
816 2018 923 2058 haec
954 2019 992 2058 si
1024 2019 1136 2058 dona
1166 2019 1365 2058 fuissent.

246 2092 357 2142 Ergo
387 2093 496 2132 nihil
527 2094 651 2133 nobis
682 2095 903 2144 proprium
936 2105 1032 2134 esse
1064 2097 1230 2144 potest:
1266 2096 1377 2144 quod
1410 2095 1527 2134 enim
1558 2106 1644 2135 non
1671 2097 1765 2146 fuit,

186 2179 266 2209 nec
297 2178 393 2209 esse
419 2169 593 2218 quidem
620 2171 775 2219 potest,
806 2172 881 2209 aut
908 2171 1019 2219 quod
1048 2171 1154 2220 eripi
1181 2172 1337 2221 potest,
1356 2182 1442 2210 non
1459 2173 1527 2211 est
1542 2173 1765 2211 nostrum:

98 2240 104 2246 '
186 2245 271 2284 nisi
302 2245 389 2296 illa,
423 2256 532 2295 quae
564 2246 670 2295 eripi
701 2256 787 2285 non
818 2248 1013 2297 possunt,
1048 2249 1096 2286 ut
1128 2248 1354 2297 sapientia,
1388 2248 1629 2298 prudentia,
1659 2258 1768 2297 quae

185 2321 360 2361 fortuna
390 2332 528 2371 neque
561 2322 662 2361 dare
693 2333 832 2372 neque
865 2323 1028 2372 eripere
1061 2324 1262 2373 cuiquam
1294 2325 1480 2373 potest.’'

249 2397 316 2438 Ad
346 2397 478 2438 Andr.
511 2398 582 2448 IV,
617 2399 657 2449 3,
692 2399 742 2439 5:

455 2474 598 2514 Facile
630 2475 700 2514 hic
730 2475 828 2524 plus
859 2476 966 2515 mali
999 2477 1067 2516 est
1098 2487 1230 2526 quam
1263 2477 1350 2516 illic
1382 2477 1482 2516 boni

185 2550 294 2590 haec
324 2550 525 2590 videmus
557 2551 795 2601 adscripta:

252 2626 446 2676 „Quam
478 2626 604 2666 illic
636 2627 788 2667 boni:
822 2628 867 2667 in
899 2639 1075 2668 summo
1102 2629 1236 2668 bono:
1266 2630 1378 2668 dixit
1401 2630 1517 2669 enim
1547 2641 1602 2669 ex
1628 2630 1766 2679 bonis,

185 2712 296 2751 quae
338 2702 451 2742 bona
483 2703 782 2754 aestimamus,
816 2705 913 2754 plus
945 2715 1024 2744 nos
1058 2705 1164 2744 mali
1197 2715 1364 2755 capere,
1400 2716 1500 2745 cum
1534 2707 1610 2745 aut
1642 2706 1770 2763 amis-

184 2789 310 2818 suros
342 2788 421 2818 nos
453 2778 669 2818 credimus
701 2781 777 2819 aut
805 2780 1065 2831 amittimus,
1096 2791 1227 2830 quam
1254 2781 1354 2821 boni
1383 2792 1482 2821 cum
1511 2782 1768 2822 habemus.’'

245 2854 312 2894 Ad
344 2854 393 2903 V,
428 2855 467 2904 5,
502 2855 552 2894 3:

305 2929 393 2979 Ego
424 2930 563 2970 vitam
596 2931 774 2971 deorum
805 2934 1032 2983 propterea
1064 2934 1379 2984 sempiternam
1412 2944 1508 2975 esse
1541 2933 1724 2975 arbitror
