2002 3464
911 415 992 454 163

223 533 293 583 39'.
327 542 393 582 Ad
423 542 555 582 verba
585 541 788 590 parasiti:

281 618 492 668 Principio
520 627 597 666 ego
619 627 697 656 vos
723 618 893 656 credere
911 617 1062 656 ambos
1080 617 1160 655 hoc
1176 616 1285 654 mihi
1303 616 1585 655 vehementer
1604 615 1734 654 velim

282 695 348 734 Me
378 694 506 733 huius
538 692 741 741 quidquid
772 693 882 731 facio
916 693 956 731 id
989 693 1129 731 facere
1161 692 1356 731 maxime
1390 702 1521 731 causa
1552 702 1664 730 mea.

163 771 429 811 Annotatur:
461 768 746 818 principio
780 779 877 817 ego
910 771 1022 814 vos]
1057 768 1201 817 „videt
1228 778 1365 816 neque
1392 778 1439 806 se
1466 767 1561 806 odio
1588 767 1737 806 haberi

163 856 301 896 neque
327 845 483 886 offendi
510 844 680 884 animos
707 833 977 883 audientium
1006 845 1049 883 in
1076 844 1230 883 militis
1257 844 1475 883 nomine.”
1502 843 1584 883 Pro
1602 843 1737 883 altero

162 931 339 971 neque
379 921 547 970 legatur
588 921 662 959 et:
707 920 813 960 haec
856 921 1004 960 omnia
1045 921 1263 970 parasitus
1306 920 1409 959 dicit
1450 930 1584 968 quum
1626 920 1737 958 sciat

162 997 348 1038 militem
379 997 480 1037 ferri
512 1007 537 1035 a
564 996 680 1034 nullo
708 997 1004 1045 praesentium
1033 1006 1172 1046 posse,
1202 1006 1249 1035 se
1276 1006 1379 1035 vero
1407 996 1492 1035 illis
1519 1006 1604 1035 non
1632 996 1737 1035 adeo

162 1073 359 1113 odiosum
391 1082 500 1112 esse.

222 1149 292 1189 62.
323 1149 390 1188 Ad
421 1148 552 1188 verba
583 1149 759 1188 militis:

279 1224 508 1274 Nunquam
540 1225 674 1264 etiam
705 1224 767 1263 fui
798 1235 982 1273 usquam
1011 1225 1115 1273 quin
1144 1234 1216 1263 me
1244 1235 1396 1263 omnes
1424 1226 1622 1263 amarent
1648 1224 1735 1273 plu-

253 1351 257 1358 x
1499 1301 1675 1346 [rimum

162 1378 414 1417 annotatur:
462 1378 752 1426 „contrarium
795 1378 1016 1426 superiori.
1062 1377 1168 1426 Quid
1213 1379 1280 1416 est
1322 1378 1439 1416 enim
1483 1378 1593 1425 quod
1625 1377 1733 1416 bene

161 1459 248 1497 non
286 1453 437 1493 fecerit
477 1454 719 1504 quicquam,
764 1454 802 1492 si
843 1454 885 1492 in
929 1454 1001 1492 illo
1045 1455 1112 1492 est
1148 1455 1197 1492 ut
1229 1454 1460 1492 ametur?’'
1494 1453 1596 1492 Dele
1630 1464 1734 1492 non

138 1545 139 1550 ¹
162 1530 206 1570 et
235 1540 311 1579 pro
342 1540 369 1578 q
380 1530 469 1569 uic
481 1541 507 1578 q
518 1541 547 1569 u
559 1540 584 1569 a
595 1541 641 1569 m
667 1530 761 1579 lege
789 1541 816 1578 q
826 1530 914 1569 uis
927 1541 953 1579 q
965 1541 993 1569 u
1006 1540 1031 1569 a
1041 1541 1088 1568 111
1103 1541 1110 1568 :
1142 1530 1372 1579 aptissima
1399 1530 1505 1569 haec
1532 1531 1734 1568 nascetur

161 1606 400 1645 sententia:
437 1606 508 1656 „Si
536 1616 561 1645 a
586 1608 742 1646 natura
769 1607 849 1645 hoc
876 1607 1006 1646 habet
1032 1606 1160 1645 miles
1187 1607 1236 1645 ut
1263 1616 1414 1645 omnes
1443 1617 1543 1645 eum
1570 1608 1731 1655 ament,

162 1691 319 1722 nemo
359 1682 497 1722 bene
538 1683 706 1722 fecit’'
750 1683 792 1722 id
830 1685 897 1722 est
927 1683 1092 1722 nemini
1123 1683 1288 1731 gratiae
1320 1684 1423 1722 sunt
1455 1683 1645 1732 agendae
1679 1683 1733 1729 (id

144 1759 274 1809 ,quod
313 1760 463 1798 tamen
493 1759 598 1798 facit
629 1760 756 1799 miles
789 1760 988 1799 dicendo:
1021 1758 1122 1798 ben
1141 1770 1162 1798 0
1195 1748 1455 1808 fecistis),
1490 1760 1600 1807 quod
1634 1769 1734 1798 eum

163 1822 304 1884 aliquo
336 1835 495 1876 afficiat
523 1834 744 1876 beneficio.

694 2092 779 2133 AD
826 2092 1199 2133 ADELPHOS.

223 2194 334 2250 Prol.
377 2210 416 2250 8.
460 2210 519 2249 In
561 2209 773 2250 Graeca
814 2211 1152 2250 adolescens
1190 2212 1301 2257 est]
1340 2211 1524 2260 „Diphili
1557 2211 1733 2261 scilicet,

165 2286 288 2335 quasi
319 2286 501 2326 diceret:
535 2286 717 2336 Quidam
750 2287 999 2326 adolescens
1033 2288 1100 2325 est
1131 2287 1202 2335 qui
1235 2287 1378 2326 lenoni
1412 2287 1568 2336 eripuit
1600 2297 1734 2326 mere-

164 2362 361 2402 tricem.”
393 2363 485 2402 Ista
516 2363 615 2412 quid
647 2363 729 2402 sibi
760 2363 944 2402 volunt?
1556 2350 1560 2351 ’

229 2439 295 2478 10.
336 2438 600 2488 Reliquit
656 2440 968 2489 integrum]
1031 2451 1191 2490 „quum
1248 2441 1380 2480 aliam
1437 2441 1735 2480 transferret.'’

165 2514 278 2553 Fieri
309 2516 453 2564 potest
483 2517 533 2555 ut
564 2525 671 2555 sana
700 2516 809 2555 haec
840 2516 952 2555 sint:
986 2516 1157 2555 aliam
1191 2517 1308 2556 enim
1335 2517 1376 2556 h.
1405 2517 1432 2556 1.
1461 2517 1552 2555 vim
1580 2516 1737 2555 habere

164 2590 336 2630 videtur
366 2595 436 2630 τοῦ
469 2593 680 2631 ceteram:
716 2603 814 2631 cum
848 2594 1037 2632 ceteram
1065 2593 1224 2642 Diphili
1250 2593 1442 2632 fabulam
1469 2593 1735 2643 transferret,

166 2666 281 2705 hunc
311 2677 447 2706 unum
479 2667 622 2707 locum
654 2679 739 2707 non
771 2669 928 2718 tetigit.

230 2743 296 2782 14.
330 2742 776 2792 Reprehensum]
815 2746 1072 2795 „retentum
1107 2746 1423 2794 resumptum.’'
1452 2746 1533 2784 Pro
1561 2746 1736 2784 reten-

166 2820 281 2857 tum
338 2819 568 2867 legendum
616 2821 683 2859 est
729 2822 1032 2870 receptum.
1083 2821 1335 2870 Synonyma
1381 2821 1494 2860 inter
1540 2831 1587 2859 se
1635 2822 1738 2860 sunt

166 2896 539 2946 prehendere,
599 2907 821 2947 capere,
879 2909 1122 2948 sumere,
1172 2899 1246 2938 sed
1294 2900 1490 2937 tenere
1538 2898 1778 2937 diversis-'

166 2972 269 3010 simi
301 2974 368 3011 est
400 2973 583 3022 generis.
