2002 3464
0 0 117 42 *ῨΨΨῊ
263 0 268 2 ’

948 405 1002 443 73

191 529 473 575 (Scholiastae
515 531 621 570 haec
662 531 794 570 verba
825 532 940 576 sunt)
974 530 1196 568 denarrat:
1230 529 1493 578 prehensum
1525 538 1551 567 a
1581 528 1762 576 virginis

186 605 320 645 fratre
362 605 590 646 Chremete
632 606 869 646 Chaeream
911 606 1192 645 moechorum
1235 605 1322 644 illic
1354 605 1497 644 subire
1528 606 1758 643 tormenta.

190 681 334 731 „Haec
370 681 507 721 fiunt‘’
542 682 618 728 (ait
648 692 712 721 vs.
748 683 848 726 956)
885 683 1074 731 ‚,orante,
1109 683 1158 720 ut
1189 692 1242 720 ne
1275 682 1317 720 id
1347 682 1520 730 faceret,
1555 681 1759 720 Thaide.''

185 758 380 798 Annotat
420 757 683 797 Scholiasta:
731 759 873 808 „recte
915 758 996 797 hoc
1038 758 1232 797 additum
1275 768 1328 796 ne
1371 758 1515 807 speret
1547 757 1760 796 auxilium

184 843 211 873 a
240 833 444 874 Thaide.”

242 920 308 951 vs,
341 911 441 951 960.
475 911 670 961 Rogante
702 911 994 950 Parmenone:

302 985 405 1036 Quis
436 987 566 1027 homo
597 998 673 1037 pro
706 987 888 1027 moecho
919 997 1112 1036 unquam
1144 987 1254 1026 vidit
1285 987 1329 1026 in
1357 987 1484 1026 domo
1513 987 1760 1026 meretricia

300 1061 456 1102 Prendi
488 1064 784 1112 quemquam?

183 1137 392 1188 „Nescio”
440 1140 622 1189 Pythias
669 1140 743 1180 ait.
792 1141 858 1180 Ad
905 1141 1009 1180 illud
1057 1141 1250 1195 nescio
1295 1140 1537 1179 Scholiasta
1578 1140 1759 1179 annotat

180 1213 428 1256 obscuriora
457 1217 670 1265 quaedam
703 1218 747 1256 et
773 1217 958 1256 fortasse
987 1218 1198 1266 corrupta,
1227 1217 1303 1256 sed
1331 1227 1513 1265 quorum
1541 1215 1759 1255 sententia

178 1290 264 1330 huc
294 1291 383 1331 fere
415 1293 548 1332 redit:
586 1294 757 1343 „astute
790 1294 906 1333 istud
938 1294 1132 1333 nescio
1166 1304 1191 1332 a
1217 1293 1428 1341 Pythiade
1456 1293 1642 1331 dictum:
1672 1303 1756 1331 non

179 1367 444 1419 contradicit,
479 1379 565 1408 non
597 1370 789 1419 disputat
816 1371 966 1418 contra
991 1369 1275 1408 Parmenonis
1303 1369 1616 1416 dubitationes;
1646 1369 1757 1417 quod

177 1443 216 1482 si
255 1443 418 1484 faceret
458 1445 683 1485 amitteret
723 1445 867 1486 fidem.
906 1447 1088 1486 Nuntiat
1119 1446 1436 1495 tantummodo,
1471 1455 1557 1484 non
1589 1445 1755 1484 ratioci-

176 1520 347 1559 natur.”
381 1521 664 1561 Rectissime:
699 1533 781 1571 quo
810 1523 926 1562 enim
953 1523 1096 1571 magis
1123 1522 1306 1561 insciam
1334 1532 1381 1560 se
1408 1520 1533 1570 fingit
1559 1521 1752 1570 Pythias,

166 1605 226 1635 eo
257 1596 399 1646 magis
431 1597 469 1636 ei
502 1599 701 1649 creditur,
732 1609 865 1648 eoque
891 1599 1039 1638 minus
1065 1599 1259 1638 nascitur
1286 1598 1473 1647 suspicio
1501 1598 1755 1638 simulatam

124 1674 130 1680 '
176 1671 270 1712 eius
301 1683 398 1713 esse
429 1675 811 1723 perturbationem.

234 1748 330 1788 Iam
371 1748 615 1799 irrupturus
657 1751 786 1790 aedes
827 1753 894 1790 est
936 1752 1148 1791 Parmeno
1190 1753 1239 1790 ut
1279 1751 1439 1790 misero
1482 1751 1584 1790 hero
1628 1761 1753 1800 opem

174 1824 299 1874 ferat,
333 1826 380 1864 at
411 1835 513 1865 eum
546 1827 704 1865 retinet
736 1827 868 1866 Thais
901 1827 969 1866 his
1001 1827 1144 1869 verbis
1178 1828 1277 1873 (964
1311 1830 1442 1875 sqq.):

1012 1903 1130 1953 Vide,
1165 1892 1391 1953 Parmeno,

294 1976 402 2027 Quid
429 1987 547 2028 agas,
576 1979 626 2018 ut
651 1990 789 2028 neque
817 1980 878 2019 illi
905 1980 1044 2030 prosis
1062 1981 1106 2019 et
1122 1982 1170 2019 tu
1186 1990 1360 2029 pereas:
1380 1991 1483 2019 nam
1500 1980 1581 2020 hoc
1598 1981 1753 2029 putant

293 2051 504 2103 Quidquid
536 2054 759 2106 factumst,
794 2066 819 2095 a
851 2058 894 2095 te
927 2067 1023 2095 esse
1056 2058 1213 2096 ortum.

173 2128 338 2168 Iterum
379 2129 450 2169 1110
488 2132 641 2180 poetae
679 2133 977 2172 oeconomiam
1010 2133 1158 2172 laudat
1191 2133 1434 2172 Scholiasta
1467 2133 1639 2182 egregia
1670 2134 1751 2172 hac

172 2205 473 2246 annotatione:
517 2208 686 2256 „totum
718 2208 799 2247 hoc
831 2209 884 2248 ad
916 2209 959 2248 id
991 2210 1154 2249 addidit
1184 2211 1234 2249 ut
1265 2220 1401 2249 senex
1433 2209 1751 2249 intromittatur

171 2279 226 2319 ad
253 2279 570 2323 confirmandas
596 2284 783 2333 nuptias.
814 2285 895 2324 Sed
918 2287 1046 2335 poeta
1063 2286 1144 2325 hoc
1160 2286 1261 2336 agit,
1280 2296 1490 2335 personae
1507 2287 1748 2326 nesciunt.'’

230 2356 313 2397 Hic
368 2358 678 2400 adventantem
736 2363 918 2401 cernunt
968 2373 1119 2402 senem
1167 2362 1382 2403 Chaereae
1430 2365 1749 2413 Phaedriaeque

170 2435 362 2484 patrem
391 2435 480 2476 abit
506 2436 551 2476 in
578 2439 706 2478 aedes
733 2439 891 2488 Thais;
920 2440 1133 2481 Parmeno
1155 2452 1270 2492 vero,
1291 2443 1343 2481 ad
1361 2442 1517 2482 incitas
1534 2442 1746 2491 redactus,

170 2510 310 2549 totam
341 2521 447 2562 rem,
481 2513 594 2553 sicut
621 2516 719 2554 acta
745 2517 823 2565 est,
854 2516 981 2555 fateri
1008 2517 1102 2556 seni
1130 2517 1332 2567 decernit,
1363 2519 1412 2558 ut
1438 2519 1510 2558 ille
1538 2518 1749 2557 miserum

169 2583 308 2626 filium
339 2589 552 2628 tortorum
585 2590 738 2640 eripiat
769 2592 983 2632 manibus.
1725 2584 1735 2589 N
