2002 3464
928 364 1010 405 173

119 529 121 533 ,
183 491 260 532 sed
299 501 386 532 non
425 491 540 531 ultra
578 489 770 540 procedit
809 488 852 528 τὸ
894 488 1104 541 παρέλκον,
1146 499 1249 528 nam
1291 500 1470 528 meum
1513 499 1754 528 amorem

184 568 228 607 et
258 568 551 617 peccatum
582 567 685 605 sunt
716 565 835 604 verbi
867 565 1180 604 transtulit
1211 565 1426 604 obiecta.”

242 717 296 767 H,
343 718 384 768 4,
436 718 482 756 1:
529 717 723 765 „oportet
764 717 912 755 autem
953 727 1109 755 mene
1156 716 1384 765 quaerit
1427 727 1527 755 cum
1569 716 1756 764 quadam

182 792 510 842 gesticulatione
556 793 599 830 et
645 791 960 831 subsultatione
1007 792 1222 841 sperantis
1269 792 1448 841 lenonis,
1493 792 1547 831 ad
1587 792 1668 831 hoc
1709 802 1756 830 se

182 869 330 918 quaeri
345 870 395 908 ut
410 867 604 918 accipiat,
623 868 944 916 pronuntiare.'’
960 869 1101 908 Immo
1123 879 1150 918 p
1163 879 1183 907 r
1196 878 1219 907 o
1232 879 1260 907 n
1272 879 1300 907 u
1313 879 1341 907 n
1353 870 1371 907 t
1383 869 1396 907 i
1410 879 1434 907 a
1446 869 1504 918 ri,
1528 870 1578 907 ut
1594 869 1755 918 opinor.

245 946 311 985 10.
345 944 617 984 Stultitia
648 946 736 983 est
768 945 966 991 istaec]
1005 945 1112 994 „hoc
1143 946 1309 984 scilicet
1340 945 1467 985 fateri
1500 945 1539 984 ei
1566 945 1639 994 qui
1665 945 1757 994 ipse

181 1021 295 1072 patri
333 1031 555 1070 nunquam
596 1021 831 1069 quidquam
875 1021 1122 1061 celaverit.”
1166 1022 1308 1061 Immo
1350 1032 1455 1061 non
1491 1022 1668 1061 fateri
1702 1021 1757 1067 (id

181 1097 299 1138 enim
329 1078 471 1147 magis
503 1097 662 1136 arridet
694 1107 825 1146 quam
856 1097 1149 1137 Westerhovii
1183 1098 1429 1138 coniectura
1466 1098 1680 1144 celare).

244 1174 311 1214 12.
581 1172 688 1222 Quid
721 1173 782 1212 ait
813 1174 991 1212 tandem
1023 1173 1146 1213 nobis
1181 1174 1372 1214 Sannio?
1490 1219 1492 1221 ,

182 1249 345 1290 Schol.:
391 1249 579 1299 „nobis
610 1256 662 1304 τῷ
695 1248 905 1304 ἰδιωτισμῷ
939 1250 978 1295 (i.
999 1260 1034 1288 e.
1055 1250 1190 1289 dativi
1224 1251 1354 1290 ethici
1382 1254 1528 1298 sensu)
1562 1251 1757 1290 additum

181 1327 275 1375 est}
306 1335 393 1366 non
423 1325 540 1365 enim
571 1325 734 1364 nobis
766 1325 1095 1374 intelligendum
1128 1327 1237 1365 est.’'
1271 1327 1414 1366 Immo
1446 1327 1609 1366 nobis
1653 1327 1755 1366 ait:

180 1401 353 1442 dativus
384 1401 552 1442 ethicus
584 1402 651 1441 est
681 1401 855 1451 nobis,
890 1411 977 1441 non
1008 1402 1182 1441 dativus
1215 1402 1370 1442 obiecti
1402 1403 1660 1442 remotioris„

243 1478 310 1518 14.
342 1478 416 1518 Ne
446 1479 560 1518 tam
592 1477 830 1527 quidem]
869 1479 1008 1526 „tam
1035 1488 1111 1527 pro
1138 1479 1349 1528 tamen,
1380 1480 1423 1517 et
1451 1479 1573 1518 deest
1600 1479 1756 1518 dicas

179 1564 262 1594 me
301 1564 619 1605 properare,
662 1556 712 1594 ut
752 1555 811 1594 sit
852 1555 986 1594 etiam
1024 1555 1279 1594 adverbium
1311 1556 1527 1595 hortantis
1560 1556 1629 1595 vel
1662 1567 1755 1595 con-

180 1630 452 1670 sentientis.”
486 1630 676 1679 Intelligi
706 1631 813 1670 haec
839 1640 926 1669 non
956 1632 1140 1679 possunt
1170 1631 1255 1669 nisi
1288 1631 1463 1671 etiam
1490 1633 1573 1671 alio
1601 1643 1757 1682 genere

179 1706 406 1747 literarum
422 1707 689 1756 depingatur.
708 1706 786 1746 Est
802 1707 919 1746 enim
930 1707 1190 1746 vocabulum
1208 1718 1231 1746 e
1247 1709 1374 1747 textu
1390 1710 1544 1757 poetae
1563 1711 1641 1755 (vs,
1664 1710 1730 1756 15)
1747 1721 1755 1749 :

539 1783 746 1833 Quamvis
779 1783 912 1822 etiam
944 1793 1100 1822 maneo
1133 1783 1299 1823 otiosus
1331 1784 1412 1823 hic.

246 1859 312 1899 18.
344 1859 417 1899 Ne
448 1859 496 1899 si
526 1859 708 1908 magis
735 1859 1008 1898 irritatus
1035 1859 1162 1906 siet]
1196 1860 1343 1909 „velut
1371 1861 1530 1900 clamet
1547 1861 1755 1901 scilicet.’'

181 1935 370 1976 Hoccine
396 1935 512 1976 vult:
545 1937 669 1985 „post
694 1946 758 1974 ne
786 1936 1013 1984 exspectes
1039 1935 1222 1980 verbum
1250 1936 1375 1985 quale
1403 1938 1470 1976 est
1488 1937 1757 1977 clamet”‘?

181 2012 252 2052 An
291 2012 336 2052 in
377 2022 429 2052 ea
468 2022 573 2052 voce
614 2013 723 2052 latet
764 2012 956 2051 canis?
998 2012 1110 2051 Nam
1146 2013 1213 2052 bis
1251 2003 1368 2052 idem
1399 2014 1443 2053 in
1475 2025 1560 2054 uno
1593 2014 1756 2054 scholio

183 2089 267 2129 dici
296 2088 459 2129 mirum
490 2099 577 2129 non
608 2089 679 2128 sit.

242 2239 318 2290 ΠΙ,
350 2240 386 2290 1,
416 2239 456 2279 4.
484 2239 772 2279 Neminem
799 2238 991 2285 habeo]
1025 2239 1152 2288 „quid
1179 2239 1296 2278 enim
1324 2249 1431 2289 opus
1459 2241 1558 2280 est?
1585 2243 1661 2281 aut
1683 2252 1757 2281 cur

182 2325 297 2356 nunc
322 2316 512 2365 quereris
523 2316 572 2355 ?''
601 2315 852 2365 Interpellat
879 2315 948 2354 his
979 2316 1124 2355 verbis
1152 2316 1395 2356 Scholiasta
1422 2317 1678 2368 Sostratam,
1709 2321 1757 2358 ut

183 2392 452 2433 demonstret
492 2392 548 2439 (id
589 2392 701 2440 quod
742 2402 873 2441 supra
903 2391 1089 2441 ponitur)
1122 2392 1341 2442 mulieres,
1377 2403 1476 2432 cum
1508 2396 1753 2444 querantur,

182 2469 324 2509 multa
354 2479 606 2509 coacervare
639 2479 748 2517 quae
781 2479 806 2508 a
836 2468 929 2508 loco
962 2468 1051 2507 sint
1083 2468 1236 2508 aliena.

243 2545 298 2584 ib.
352 2545 514 2585 Solae
555 2547 762 2591 sumus]
810 2555 1057 2595 „nunquam
1100 2545 1325 2594 pluraliter
1365 2546 1564 2586 solae.”
1607 2548 1756 2597 Inepte

183 2621 254 2661 hic
295 2622 548 2672 compilator
589 2622 853 2662 sententiam
895 2622 1085 2671 corrupit
1126 2633 1235 2671 quae
1277 2623 1322 2662 in
1363 2624 1561 2671 sequenti
1593 2624 1756 2663 scholio

182 2698 362 2748 legitur:
419 2708 579 2748 „quum
630 2698 711 2738 hoc
756 2708 915 2738 nomen
961 2698 1277 2747 singularitatis
1324 2700 1394 2749 sit,
1442 2699 1552 2739 mire
1600 2693 1755 2739 solae

181 2775 405 2825 pluraliter
436 2774 588 2814 dixit.'’

243 2852 283 2891 8.
313 2851 514 2891 Scholion
540 2850 594 2890 ad
620 2850 734 2891 hunc
759 2861 937 2891 versum
964 2851 1134 2901 egregie
1161 2853 1410 2892 emendavit
1426 2851 1780 2896 Westerhovius¹

183 2928 384 2978 legendo:
432 2929 502 2977 „et
543 2927 606 2967 sic
646 2928 802 2967 maluit
842 2929 994 2978 dicere,
1038 2939 1172 2978 quum
1214 2940 1299 2969 non
1335 2929 1551 2969 Aeschino
1584 2929 1754 2977 culpam
