2002 3464
901 358 954 399 15

139 483 286 524 locuta
326 485 430 534 erat,
473 484 519 523 in
549 493 632 532 quo
663 483 807 522 nullae
840 485 988 523 essent
1018 484 1198 523 Veneris
1229 486 1387 534 partes,
1423 486 1466 524 et
1498 485 1707 533 quantum

140 561 281 610 potuit
305 569 462 600 veram
492 559 614 599 verbi
641 559 986 598 admittendi
1013 558 1375 609 significationem
1402 561 1708 599 dissimulavit.

200 635 313 677 'l'um
344 636 483 676 denuo
514 636 726 675 Phaedria
758 638 836 682 (vs.
875 637 957 676 155
990 639 1121 685 sqq.):

376 712 436 751 At
468 722 546 761 ego
578 712 800 751 nescibam
832 722 1039 760 quorsum
1071 714 1120 751 tu
1153 713 1260 751 ires:
1295 713 1476 762 parvula

324 787 327 791 ⁴
375 788 489 828 Hinc
520 790 588 828 est
619 788 818 838 abrepta:
853 789 1004 827 eduxit
1035 790 1177 828 mater
1209 799 1285 838 pro
1318 800 1419 828 sua:

376 847 503 904 Soror
535 864 650 904 dicta
682 866 771 903 est:
806 865 930 913 cupio
962 864 1171 904 abducere
1204 866 1253 903 ut
1283 866 1461 904 reddam
1493 866 1597 905 suis.

46 929 76 977 ’.
137 939 254 979 Nihil
283 950 476 990 unquam
505 941 656 980 Latine
682 941 912 980 venustius
937 941 1205 989 facetiusque
1233 942 1444 991 scriptum
1471 952 1567 981 esse
1594 943 1710 982 dices

21 1007 48 1027 ”
89 1034 93 1037 -
136 1016 175 1056 si
215 1016 388 1056 noveris
430 1027 515 1066 qua
554 1027 660 1056 voce
702 1018 746 1056 et
777 1027 859 1065 quo
901 1017 1026 1056 vultu
1062 1017 1168 1056 haec
1199 1018 1288 1056 sint
1318 1018 1583 1067 proferenda.
1617 1019 1710 1058 Hoc

135 1092 180 1131 te
220 1092 389 1146 dxocebIt
430 1093 673 1132 Scholiasta
713 1093 885 1142 egregia
926 1093 1227 1132 annotatione:
1271 1093 1369 1132 vide
1411 1092 1577 1144 μίμησιν
1610 1105 1709 1133 cum

135 1168 232 1208 odio
258 1169 479 1208 inductam
507 1170 550 1208 et
576 1170 858 1218 depravatam
884 1157 1245 1219 pronuntiatione,
1274 1170 1337 1208 ita
1362 1155 1415 1208 ut
1437 1167 1708 1220 ὀμοιοτέλευτα

134 1247 222 1284 non
261 1245 504 1284 vitarentur
545 1246 596 1284 de
638 1245 893 1285 industria'’.
916 1241 943 1292 ¹)
986 1245 1040 1284 Et
1080 1256 1184 1284 vera
1219 1256 1320 1284 eum
1352 1246 1503 1285 docere
1535 1257 1590 1285 ex
1622 1257 1709 1286 una

134 1321 347 1370 particula
377 1322 453 1372 at,
488 1332 597 1371 quae
628 1323 934 1372 praemittitur,
969 1324 1170 1372 apparet:
1203 1333 1439 1372 permagna
1471 1323 1589 1362 enirn
1616 1323 1709 1362 eius

135 1397 204 1436 est
234 1397 459 1445 acerbitas.
915 1433 919 1437 ,

194 1454 442 1523 Sequuntur
471 1474 579 1514 haec
609 1475 845 1514 Phaedriae
877 1475 1009 1515 verba
1042 1478 1119 1521 (vs.
1160 1476 1242 1515 158
1275 1478 1406 1525 sqq.):

252 1550 418 1600 Nempe
449 1550 598 1590 omnia
627 1551 735 1591 haec
765 1562 880 1591 nunc
910 1552 1043 1591 verba
1074 1552 1158 1591 huc
1189 1553 1370 1591 redeunt
1402 1552 1605 1601 denique:

252 1626 478 1677 Excludor‚
512 1627 584 1667 ille
615 1627 832 1678 recipitur,
866 1639 951 1677 qua
982 1629 1154 1678 gratia?
1631 1677 1635 1680 ⁴

252 1702 346 1742 Nisi
377 1703 415 1742 si
446 1703 571 1742 illum
601 1704 699 1752 plus
730 1715 862 1752 quam
892 1715 964 1744 me
997 1715 1121 1744 amas
1154 1706 1197 1744 et
1229 1705 1362 1745 istam
1394 1717 1508 1745 nunc
1539 1706 1683 1755 times,

254 1778 381 1828 Quae.
401 1779 583 1819 advecta
614 1781 681 1820 est
712 1791 766 1819 ne
797 1781 922 1820 illum
953 1781 1089 1821 talem
1116 1782 1353 1831 praeripiat
1383 1783 1474 1823 tibi.

134 1853 246 1894 Tum
295 1855 449 1895 Thais:
505 1856 618 1906 „Ego
665 1857 707 1896 id
748 1858 882 1897 timeo
894 1859 942 1896 ‘?'’
987 1859 1030 1897 et
1071 1858 1303 1898 Phaedria:
1351 1860 1478 1908 „quid
1521 1861 1564 1899 te
1607 1870 1706 1909 ergo

134 1931 250 1972 aliud
280 1932 545 1985 sollicitat?”
579 1933 916 1974 Sollicitare
949 1935 1061 1984 apud
1093 1934 1342 1975 Ciceronem
1375 1938 1464 1976 est:
1493 1937 1630 1986 pretio
1664 1939 1707 1977 et

131 2009 360 2059 promissis
391 2011 445 2050 ad
476 2021 579 2050 suas
609 2013 755 2060 partes
786 2012 1034 2061 pertrahere
1065 2013 1307 2052 homines.’'
1335 1996 1418 2053 Hic
1444 2014 1706 2064 „sollicitum

131 2085 335 2126 reddere”
379 2087 424 2126 et
467 2087 691 2137 „animum
723 2087 906 2127 alicuius
936 2089 1214 2138 perturbare’'
1250 2089 1602 2139 interpretantur.
1638 2091 1707 2130 Sic

133 2163 250 2202 certe
279 2163 444 2203 Andria
474 2173 539 2203 vs.
573 2164 683 2203 689:
1534 2158 1537 2160 ’

222 2238 338 2279 Sicin
367 2250 439 2279 me
476 2241 606 2289 atque
636 2240 758 2280 illam
791 2251 920 2290 opera
951 2242 1028 2281 tua
1060 2252 1175 2282 nunc
1205 2242 1391 2283 miseros
1423 2243 1659 2284 sollicitari.

80 2299 82 2302 ⁸
133 2313 215 2355 Sed
260 2316 409 2356 nostro
455 2315 549 2356 loco
596 2316 879 2357 dubitationis
926 2327 1082 2357 ansam
1129 2318 1246 2358 istud
1293 2319 1474 2358 verbum
1515 2321 1703 2369 praebet.

132 2388 256 2430 Unde
298 2392 415 2431 enim
456 2392 667 2432 Phaedria
708 2403 941 2443 agnoscere
977 2394 1047 2433 vel
1081 2395 1290 2434 coniicere
1321 2397 1466 2445 potest
1497 2396 1706 2437 Thaidem

133 2466 324 2518 anxiam,
357 2468 591 2509 sollicitam
623 2471 752 2510 esse?
785 2470 946 2520 Quibus
978 2470 1115 2520 signis
1147 2471 1222 2511 illa
1248 2483 1349 2511 eum
1377 2473 1512 2512 animi
1538 2475 1721 2517 statumc

132 2541 371 2584 indicavit?
421 2545 476 2585 Et
522 2547 735 2595 quomodo
781 2557 896 2586 nunc
942 2547 1168 2596 sequentia
1214 2549 1534 2588 annectuntur?
1552 2596 1564 2608 ·
1581 2549 1705 2589 Certe

134 2619 266 2659 cedo
307 2630 407 2661 cum
448 2623 727 2671 sequentibus
770 2624 992 2672 cohaeret;
1035 2626 1102 2663 est
1145 2624 1284 2664 enim:
1332 2626 1567 2675 „responde
1596 2626 1705 2665 mihi

170 2832 191 2868 ¹)
218 2829 404 2867 Tamquam
432 2833 622 2870 exemplum
651 2833 791 2864 huiusce
822 2835 950 2872 figurae
969 2834 1137 2873 (μιμήσεως
1154 2843 1180 2866 s.
1202 2832 1383 2876 ἠθοποιίας)
1402 2836 1465 2867 hos
1483 2844 1604 2868 versus
1621 2834 1706 2870 citat

131 2883 358 2924 Quintilianus
377 2888 435 2924 IX,
454 2889 480 2918 2.
497 2888 559 2919 Ad.
575 2890 660 2919 alios
675 2890 821 2920 Terentii
838 2891 937 2927 locos,
953 2891 1010 2920 ubi
1027 2891 1170 2921 alicuius
1186 2892 1290 2922 verba
1306 2892 1354 2922 sic
1369 2893 1411 2922 ab
1427 2893 1493 2922 alio
1509 2895 1705 2929 repetuntur

131 2945 172 2975 ut
188 2946 463 2983 pronuntiatione
482 2946 714 2987 depraventur,
735 2949 924 2981 Scholiasta
944 2951 1098 2981 annotat:
1121 2951 1152 2980 ὃν
1174 2950 1334 2994 ὑποκρίσει
1353 2952 1389 2982 et
1406 2952 1438 2981 ἐν
1463 2950 1543 2993 ἤθει.
