2002 3464
1010 374 1093 413 232

269 498 464 546 spicuum
501 498 680 536 reddant
710 496 932 545 fingendae
964 509 1094 546 quam
1124 501 1419 548 perpoliendae
1451 500 1489 538 ei
1521 499 1661 547 magis
1691 498 1825 538 fuisse

270 572 446 611 artificis
478 573 670 611 mentem
702 572 926 612 intentam.
960 574 1066 613 Ecce
1098 585 1232 613 unum
1264 575 1543 622 alterumque.

329 649 397 686 43.
462 648 542 686 Sed
575 647 655 685 hoc
685 640 794 685 mihi
824 648 1080 687 molestum:
1114 660 1217 688 nam
1248 650 1382 688 istaec
1413 647 1766 689 commemoratio

462 722 591 771 Quasi
623 722 938 770 exprobratiost
968 724 1214 763 immemori
1244 724 1434 764 benefici.

270 799 486 847 Quomodo
528 798 634 836 haec
674 797 786 836 inter
826 808 872 836 se
915 800 1155 849 cohaerent,
1199 811 1254 839 an
1294 800 1419 848 plane
1450 811 1535 839 non
1566 799 1845 839 cohaerent?-

269 874 357 923 Quo
389 873 659 912 referendum
690 873 793 912 illud
826 874 936 924 hoc,
971 885 1107 922 quove
1139 877 1293 914 nam?
1318 875 1507 924 Denique
1533 876 1614 914 hoc
1640 885 1824 923 expro-

267 949 452 988 bratio
494 949 808 987 immemori
849 949 1108 999 benefici,
1152 951 1224 989 ubi
1256 951 1426 989 dativus
1458 950 1769 989 immemori
1800 959 1827 988 a

268 1025 539 1063 substantivo
587 1024 953 1072 exprobratio
994 1026 1161 1075 pendet,
1206 1026 1373 1074 egregie
1414 1026 1585 1073 quidem
1627 1025 1826 1064 convenit

268 1100 513 1149 quotidiano
545 1100 771 1139 hominum
803 1100 992 1139 sermoni
1023 1101 1067 1138 in
1098 1101 1188 1139 foro
1219 1100 1487 1139 versantium
1513 1101 1583 1139 vel
1609 1101 1721 1139 inter
1745 1100 1824 1149 pri·

268 1177 392 1214 vatos
418 1176 604 1224 parietes
631 1176 762 1214 libere
791 1176 1168 1225 confabulantium,
1198 1176 1272 1214 sed
1297 1187 1322 1214 a
1349 1176 1476 1224 poeta
1502 1175 1694 1224 diligenti
1714 1176 1759 1215 et
1774 1175 1825 1215 de
1855 1191 1865 1198 -

269 1251 474 1290 orationis
501 1251 687 1299 puritate
714 1251 838 1290 unice
865 1251 1047 1290 sollicito
1074 1251 1149 1289 vix
1177 1252 1219 1289 et
1235 1261 1288 1289 ne
1315 1251 1391 1289 vix
1413 1251 1583 1299 quidem
1600 1251 1824 1290 ferrentur.

326 1336 390 1365 vs.
425 1327 493 1365 56.
1449 1378 1453 1382 ,

386 1401 446 1439 Ut
478 1401 673 1440 animum
706 1401 758 1439 ad
791 1401 959 1449 aliquod
991 1401 1183 1439 studium
1215 1401 1461 1450 adiungant,
1495 1402 1570 1440 aut
1596 1411 1726 1449 equos
1778 1454 1781 1455 ⁷

386 1476 512 1514 Alere
544 1477 619 1515 aut
651 1487 778 1515 canes
810 1477 863 1515 ad
893 1477 1151 1525 venandum,
1186 1478 1261 1515 aut
1292 1476 1344 1514 ad
1374 1475 1661 1525 philosophos.

270 1552 354 1590 Vix
400 1562 446 1590 se
492 1552 562 1590 hic
604 1553 821 1591 contineat
863 1552 1046 1591 Orbilius
1088 1552 1242 1600 aliquis
1284 1552 1391 1600 quin·
1416 1551 1515 1590 stilo
1546 1561 1624 1590 suo
1655 1561 1825 1600 semper

267 1628 415 1675 parato
447 1627 697 1677 immensos,
731 1629 780 1666 ut
810 1629 892 1676 ipsi
919 1628 1128 1677 videntur,
1158 1628 1387 1676 turpesque
1413 1628 1564 1675 poetae
1591 1637 1754 1665 errores
1780 1626 1825 1666 in

267 1703 461 1751 margine
507 1704 639 1742 notet.
687 1704 774 1742 Nos
820 1714 922 1743 vero
963 1705 1136 1752 poetam
1177 1704 1246 1742 hic
1287 1701 1644 1752 deprehendimus
1684 1701 1824 1742 soluto

267 1778 411 1816 animo
468 1778 512 1815 in
568 1779 822 1826 argumento
880 1789 958 1817 suo
1013 1779 1246 1828 ludentem,
1296 1779 1350 1828 et,
1399 1778 1630 1817 dummodo
1675 1777 1825 1826 pectus

267 1854 453 1892 habeant
483 1864 690 1902 personae
723 1865 838 1904 suae,
873 1854 982 1893 satis
1015 1864 1087 1893 eos
1120 1854 1303 1892 disertos
1334 1854 1572 1902 putantem.

324 1940 388 1968 vs.
418 1930 472 1968 64
500 1940 562 1977 sq.
590 1929 894 1969 Duriusculum
920 1930 1001 1969 hoc
1027 1940 1192 1978 quoque
1220 1930 1330 1977 quod
1349 1930 1466 1969 Simo
1483 1930 1535 1968 de
1550 1928 1637 1967 filio
1654 1928 1822 1967 narrat:

530 2005 689 2061 Eorum
722 2006 898 2053 obsequi
929 2006 1096 2055 studiis,
1131 2006 1339 2044 advorsus
1370 2004 1546 2054 nemini,
1599 1995 1601 1997 ’

530 2081 760 2128 Nunquam
791 2091 1057 2129 praeponens
1089 2090 1135 2119 se
1167 2080 1264 2119 illis.

263 2157 475 2195 Isocrates
522 2156 675 2204 aliquis
722 2157 833 2195 inter
877 2157 1027 2205 poetas
1074 2156 1243 2204 quidvis
1288 2154 1451 2204 perpeti
1497 2155 1646 2194 mallet
1693 2165 1823 2204 quam

264 2231 476 2270 eiusmodi
521 2241 674 2269 versus
722 2231 981 2269 incorrectos
1027 2230 1229 2279 legendos
1275 2230 1508 2268 exhiberet.
1542 2229 1623 2268 Sed
1655 2230 1823 2279 egregie

262 2316 412 2344 senem
454 2306 516 2344 sic
556 2306 670 2353 loqui
709 2306 830 2343 decet
862 2305 1082 2343 indoctum
1114 2304 1477 2351 rusticanumque.
1509 2304 1562 2343 Et
1593 2305 1699 2344 haec
1729 2305 1824 2354 ipsa

263 2391 392 2421 causa
438 2381 602 2420 accedit
648 2391 722 2419 cur
767 2381 837 2419 hic
883 2381 1115 2429 quidquam
1162 2381 1292 2419 deleri
1338 2380 1485 2419 nolim.
1528 2382 1677 2430 Ipsum
1718 2379 1822 2419 illud

261 2456 397 2505 illis,
432 2456 543 2503 quod
569 2455 775 2495 vocabulo
802 2456 1014 2494 nemini
1040 2457 1148 2495 satis
1175 2456 1277 2494 dure
1305 2455 1521 2494 divellitur
1538 2456 1589 2495 ab
1617 2465 1817 2506 eorum,

260 2540 342 2579 quo
370 2530 641 2569 referendum
669 2533 747 2581 est,
777 2543 862 2571 non
888 2533 1028 2571 solum
1056 2532 1194 2580 qualis
1221 2532 1349 2570 homo
1376 2531 1555 2579 loquens
1581 2532 1818 2581 inducatur,

263 2606 339 2644 sed
386 2606 519 2644 etiam
565 2608 777 2654 quomodo
823 2609 941 2646 totus
987 2608 1057 2646 hic
1102 2608 1224 2646 actus
1270 2608 1399 2646 natus
1445 2607 1503 2646 sit
1547 2607 1820 2656 perspicuum

261 2682 383 2720 nobis
415 2682 566 2721 reddit.

318 2768 382 2797 vs.
416 2759 471 2796 94
505 2768 566 2806 sq.

493 2834 604 2873 Nam
632 2834 703 2881 qui
731 2845 829 2873 cum
856 2834 1038 2883 ingeniis
1066 2834 1332 2874 conflictatur
1359 2835 1571 2874 eiusmodi

500 2909 646 2956 Neque
675 2911 971 2949 commovetur
998 2910 1168 2948 animus
1195 2910 1237 2947 in
1265 2920 1315 2948 ea
1341 2920 1386 2949 re
1412 2911 1572 2949 tamen.
