2002 3464
1008 391 1089 430 144

322 524 386 553 vs.
424 515 459 553 1.
522 515 817 554 huiuscemodi
849 517 937 554 est:

618 590 685 629 Ita
715 591 781 639 pol
816 591 988 639 quidem
1020 602 1088 630 res
1121 594 1198 642 est,
1233 594 1280 632 ut
1312 594 1432 644 dixti,
1467 595 1632 634 Lesbia.

263 666 437 704 Praeter
469 666 601 705 citata
634 666 721 705 iam
752 667 858 705 haec
885 668 1166 706 annotantur:
1195 669 1276 708 ita
1305 670 1394 718 pol
1426 671 1672 718 quidem]
1705 682 1820 722 „pro-

263 741 404 779 ductio
437 742 503 780 est
534 742 752 781 narrativa
784 743 836 781 ad
863 742 1122 790 explendum
1153 744 1280 783 modo
1306 745 1448 794 potius
1480 746 1820 787 iusiurandum.”

264 816 369 865 Quid
402 818 482 855 sibi
513 817 649 855 velint
679 817 785 856 haec
811 817 1049 866 intelligere
1075 818 1184 856 mihi
1211 819 1368 859 videor.
1398 821 1466 859 Sic
1493 821 1609 860 enim
1636 822 1819 872 accipio:

266 893 453 941 „totum·
475 892 589 931 istud
632 892 712 931 ita
753 903 842 931 res
884 894 970 931 est
1001 894 1060 932 ut
1091 894 1239 932 dixti
1270 895 1472 935 Lesbia
1502 897 1608 936 nihil
1640 899 1707 937 est
1737 899 1821 938 nisi

261 967 442 1006 verbosa
488 968 699 1015 quaedam
746 969 788 1006 et
834 968 1069 1007 narrationi
1115 979 1140 1008 a
1180 970 1359 1009 muliere
1392 973 1567 1020 coeptae
1599 974 1699 1022 apta
1729 985 1819 1023 pro-

261 1043 403 1082 ductio
435 1043 709 1082 iurisiurandi
740 1044 870 1092 pol.”
901 1044 981 1082 Sed
1008 1055 1143 1083 unum
1170 1045 1321 1084 scholii
1346 1046 1602 1087 vocabulum
1630 1049 1821 1097 potius

262 1120 508 1167 corruptum
526 1120 705 1169 videtur,
724 1129 799 1168 pro
816 1130 899 1167 quo
915 1120 1231 1159 restituendum
1247 1121 1355 1161 fere:
1373 1133 1399 1171 p
1412 1133 1432 1160 r
1444 1133 1467 1161 o
1480 1133 1508 1162 n
1519 1133 1588 1162 un
1598 1125 1617 1163 t
1629 1124 1643 1162 i
1655 1135 1680 1163 a
1691 1125 1710 1163 t
1720 1135 1748 1164 u
1759 1134 1818 1164 111.

321 1195 385 1233 Ad
416 1204 480 1232 vs.
515 1195 562 1232 2:
1208 1194 1212 1199 '
1474 1199 1477 1203 ’

482 1270 673 1309 Fidelem
704 1270 818 1309 haud
850 1271 985 1309 ferme
1016 1271 1187 1310 mulieri
1220 1272 1415 1311 invenias
1446 1273 1589 1312 virum

261 1346 512 1384 annotatur:
565 1345 822 1394 „fidelem
870 1346 1025 1385 maluit
1072 1357 1201 1394 quam
1243 1347 1419 1386 fidum
1451 1349 1612 1387 dicere:
1645 1349 1820 1389 fidum

260 1421 376 1459 enim
408 1421 630 1459 honestius
663 1421 887 1460 dixisset.'’
921 1422 1069 1470 Inepte
1102 1423 1326 1462 enuntiata
1356 1424 1462 1462 haec
1489 1426 1612 1472 sunt;
1640 1423 1820 1464 obscura

259 1497 407 1534 tamen
439 1507 533 1535 esse
565 1507 651 1535 non
681 1498 863 1546 possunt
895 1498 934 1536 ei
966 1498 1038 1546 qui
1065 1499 1212 1537 sedulo
1239 1499 1402 1538 scholia
1427 1500 1698 1540 lectitaverit.
1719 1501 1818 1540 Sen-

257 1572 395 1610 tentia
439 1572 555 1610 enim
602 1573 690 1611 est:
739 1572 914 1611 fidum
957 1583 1041 1612 non
1083 1574 1193 1612 dixit
1224 1574 1299 1612 sed
1330 1574 1582 1625 fidelem,
1616 1576 1819 1624 quoniam

259 1647 309 1685 de
342 1649 534 1686 amatore
566 1648 775 1695 loquitur3
810 1648 853 1686 in
886 1648 1009 1686 illum
1042 1650 1188 1687 autem
1220 1649 1480 1688 adiectivum
1507 1650 1709 1690 firmus
1734 1661 1820 1690 non

259 1723 479 1761 convenit:
523 1723 705 1761 nimiam
746 1723 875 1761 habet
916 1723 1019 1761 illud
1063 1723 1323 1771 gravitatem
1367 1724 1546 1770 (amicus
1584 1735 1684 1774 erga
1715 1726 1818 1765 ami-

258 1807 357 1835 cum
387 1796 497 1836 fidus
529 1797 694 1847 dicitur,
729 1808 814 1836 non
846 1798 1014 1836 amator
1045 1808 1146 1846 erga
1179 1798 1392 1844 amicam).

317 1874 355 1911 6.
394 1873 671 1922 „Pamphilus
704 1883 802 1921 ergo
834 1871 1025 1911 firmavit
1055 1872 1227 1922 fidem‚”
1261 1874 1394 1922 Mysis
1427 1876 1573 1914 narrat

537 1949 647 1987 Nam
680 1949 790 1996 quod
820 1948 1058 1997 peperisset
1086 1949 1252 1995 (amica)
1287 1949 1413 1988 iussit
1444 1950 1548 1990 tolli.

256 2023 522 2062 Annotatur:
576 2024 719 2072 „Haec
766 2025 832 2062 est
878 2022 983 2062 fides
1031 2024 1191 2073 suscipi
1237 2023 1347 2063 filios
1393 2026 1610 2074 legitimos
1655 2026 1819 2067 faciunt

256 2100 498 2147 parentes.”
527 2100 786 2148 Legendum,
817 2100 865 2137 ut
892 2099 1051 2148 opinor,
1081 2100 1447 2148 suscipiendo
1478 2111 1553 2150 pro
1585 2103 1815 2152 suscipi.

258 2174 478 2222 Sequitur:
530 2175 748 2224 „Sublatio
795 2175 949 2213 matris
997 2175 1074 2223 est,
1123 2175 1258 2222 patris
1304 2175 1496 2226 tollere,’'
1539 2187 1646 2225 quae
1687 2189 1817 2218 sensu

256 2259 380 2288 cassa
405 2251 519 2288 sunt.
548 2250 598 2288 In
625 2250 852 2288 Klotziana
877 2251 1019 2288 totum
1046 2250 1238 2288 scholion
1263 2250 1558 2290 huiuscemodi
1576 2254 1663 2292 est:
1685 2254 1817 2303 „haec

257 2326 323 2363 est
363 2324 481 2375 fides,
526 2325 697 2374 suscipi.
745 2325 875 2364 Filios
917 2324 1133 2373 legitimos
1174 2325 1338 2364 faciunt
1377 2328 1526 2374 partus
1559 2329 1602 2366 et
1632 2329 1816 2371 sublatio

255 2401 410 2439 matris
457 2402 499 2439 et
545 2401 722 2450 patris‚''
772 2401 882 2448 quod
930 2411 1006 2448 ego
1054 2400 1114 2438 sic
1155 2399 1385 2449 refingam:
1428 2402 1559 2451 „haec
1590 2405 1657 2442 est
1686 2402 1814 2444 fides:

255 2476 524 2524 suscipiendo
567 2475 677 2515 filios
709 2476 926 2524 legitimos
958 2476 1121 2514 faciunt
1151 2478 1373 2525 parentes;
1408 2478 1450 2515 et
1481 2479 1630 2526 partus
1661 2479 1815 2518 matris

255 2552 333 2601 est,
368 2551 552 2590 sublatio
585 2552 762 2599 patris.”

317 2627 382 2665 12.
433 2627 550 2665 Simo
597 2637 731 2665 senex
773 2627 949 2666 tandem
991 2627 1216 2675 aliquando
1249 2637 1307 2677 se,
1343 2629 1444 2667 dum
1476 2629 1558 2668 sibi
1589 2630 1670 2679 ipsi
1701 2630 1812 2670 vide-

254 2703 371 2740 retur
397 2703 581 2751 astutus,
612 2702 837 2750 deceptum
866 2713 891 2741 a
917 2713 1040 2741 servo
1067 2701 1238 2750 filioque
1265 2703 1477 2752 intelligit.
1508 2705 1811 2755 semetipsum

253 2787 352 2825 ergo
384 2777 554 2816 incusat
585 2778 761 2816 dicendo
924 2772 927 2774 ’

706 2854 781 2892 vix
813 2854 988 2892 tandem
1021 2853 1137 2892 sensi
1169 2853 1362 2893 stolidus.

254 2928 549 2966 Sentiendi
577 2930 723 2967 autem
751 2929 879 2967 verbo
906 2929 1008 2967 dum
1035 2929 1180 2966 utatur
1207 2929 1257 2966 de
1284 2939 1331 2966 se
1359 2940 1457 2967 eum
1480 2941 1564 2969 non
1586 2933 1809 2979 tamquam
