2002 3464
892 367 975 405 221

207 490 485 532 Phormio.
527 489 742 541 πρόσωπον
783 489 1018 543 προτατικόν
1059 491 1180 542 Davi,
1221 492 1289 531 cui
1321 493 1430 532 Geta
1460 495 1607 533 narret
1637 505 1721 542 quo

147 566 244 607 dolo
274 567 424 607 herilis
454 567 570 607 filius
601 577 707 606 usus
738 568 797 606 sit
827 569 877 607 ut
903 568 1081 607 absente
1106 569 1228 617 patre
1256 570 1451 607 amatam
1477 569 1559 608 sibi
1585 568 1721 608 filiam

146 652 329 683 uxorem
371 643 557 694 duceret,
602 653 628 682 a
658 643 858 683 Terentio
891 645 959 682 est
990 643 1199 683 additum.
1232 655 1273 683 v.
1308 644 1479 684 Scholia
1510 646 1563 684 ad
1595 655 1659 684 vs.
1698 647 1717 684 1

18 694 37 765 γλ
58 710 62 712 ’
145 717 330 758 fabulae.

205 795 238 845 Ι,
273 795 312 845 2,
342 796 412 835 41.
442 795 606 835 Schol.:
639 796 950 845 „Apollodorus
977 798 1199 836 tonsorem
1227 797 1370 846 ipsum
1398 797 1601 836 nuntium
1618 797 1722 836 facit

145 871 220 921 qui
250 871 366 912 dicat
397 882 444 911 se
476 883 612 921 nuper
642 873 811 921 puellae
845 884 1016 913 comam
1049 874 1101 912 ob
1134 874 1301 913 luctum
1334 874 1580 923 abstulisse,
1609 875 1722 922 quod

145 947 235 987 scio
270 949 468 988 mutasse
499 949 751 988 Terentium
783 960 837 989 ne
869 950 1062 989 externis
1094 951 1288 989 moribus
1319 952 1610 1000 spectatorem
1642 951 1718 990 Ro-

144 1033 327 1064 manum
354 1025 633 1065 offenderet.’'

204 1101 276 1152 IV,
326 1103 365 1152 3,
415 1103 485 1142 42.
534 1103 777 1152 Argentum
824 1105 1107 1143 emuncturus
1154 1105 1331 1144 senibus
1378 1105 1637 1154 Demiphoni
1679 1106 1722 1144 et

144 1161 364 1218 Chremeti
382 1178 490 1218 Geta
506 1189 553 1218 se
571 1189 671 1218 cum
689 1179 948 1219 Phormione
966 1181 1228 1220 collocutum
1245 1183 1394 1220 narrat
1411 1182 1462 1220 de
1478 1181 1722 1230 recipienda

145 1255 344 1303 cognata·
369 1264 502 1303 quam
543 1255 615 1294 ille
647 1255 886 1304 Antiphoni
916 1267 1098 1296 uxorem
1136 1257 1382 1296 obtruserit.
1420 1258 1504 1306 „At
1535 1258 1721 1297 nimium

100 1328 105 1334 “
144 1331 385 1378 quantum”
418 1341 572 1370 servus
605 1331 667 1370 ait
701 1332 896 1381 „argenti
927 1333 1176 1381 postulabat
1209 1333 1292 1372 ille.
1327 1333 1427 1371 Dixi
1460 1344 1582 1382 ergo:
1617 1344 1720 1372 nun-

64 1421 74 1429 ·
143 1415 276 1456 quam
307 1416 444 1446 senex
475 1417 602 1447 meus
633 1409 808 1447 tantum
840 1408 980 1447 dabit:

830 1496 991 1534 quaeso
1023 1486 1124 1534 quid
1155 1487 1192 1525 si
1223 1486 1360 1526 filiam

339 1559 472 1600 Suam
503 1560 680 1600 unicam
710 1561 905 1600 locaret?
935 1562 1059 1611 parvi
1091 1563 1241 1602 retulit

336 1636 432 1676 Non
462 1637 730 1686 suscepisse:
763 1638 942 1677 inventa
974 1639 1042 1677 est
1073 1649 1182 1687 quae
1217 1640 1363 1678 dotem
1396 1641 1568 1688 petat!”

143 1711 269 1761 Apud
298 1712 608 1761 Apollodorum
640 1714 788 1752 autem
820 1724 971 1753 senem
1003 1714 1147 1763 ipsum
1179 1715 1342 1754 dicere:
1380 1716 1507 1765 „quid
1539 1716 1721 1756 interest

142 1798 215 1828 me
251 1798 339 1828 non
368 1789 614 1838 suscepisse
644 1788 793 1839 filiam⁷
827 1790 866 1829 si
896 1791 1025 1830 modo
1058 1790 1135 1830 dos
1166 1791 1338 1830 dabitur
1369 1791 1564 1831 alienae”
1594 1793 1718 1832 Scho-

142 1865 273 1905 liasta
318 1865 456 1905 docet.
503 1865 650 1915 Neque
696 1868 843 1915 posset
890 1867 1030 1906 dicere
1076 1867 1161 1906 nisi
1202 1869 1321 1906 totus
1362 1868 1483 1907 locus
1515 1868 1641 1908 aliter
1673 1879 1719 1909 se

142 1941 256 1990 apud
285 1941 595 1991 Apollodorum
625 1952 759 1990 quam
791 1943 902 1991 apud
934 1943 1185 1982 Terentium
1218 1937 1408 1983 haberet.

201 2095 329 2136 Haud
369 2105 508 2144 pauca
538 2105 639 2145 ergo
671 2106 785 2136 nova
815 2096 1044 2136 Terentius
1076 2097 1168 2146 ipse
1199 2098 1292 2137 suis
1323 2098 1507 2138 inseruit
1537 2099 1717 2149 fabulis;

143 2181 295 2212 earum
340 2172 606 2222 paucissima
650 2173 773 2222 parvi
814 2175 918 2212 sunt
958 2174 1184 2224 momenti,
1224 2175 1348 2223 plura
1378 2175 1540 2226 gravia,
1576 2177 1720 2226 aliqua

145 2258 245 2288 vero
276 2249 551 2297 gravissima.
585 2249 795 2289 Omnibus
822 2251 970 2289 autem
997 2250 1083 2289 illis
1110 2250 1236 2290 novis
1263 2252 1533 2291 ornamentis
1548 2253 1719 2293 fabulae

142 2324 334 2364 redditae
371 2327 474 2364 sunt
504 2325 744 2375 lepidioreS,
778 2326 982 2375 vitaeque
1012 2327 1197 2366 accessit
1227 2328 1508 2378 permultum,
1542 2330 1719 2379 solaque

143 2409 253 2448 quae
298 2399 406 2439 nihil
452 2401 751 2442 huiuscemodi
797 2402 928 2441 habet
974 2403 1274 2442 Heautontim.
1319 2405 1475 2443 ceteris
1517 2406 1719 2446 omnibus

143 2477 211 2516 est
265 2476 507 2525 languidior
562 2477 810 2526 exiliorque.
864 2479 1049 2518 Novas
1096 2481 1283 2518 autem
1329 2490 1606 2528 personas
1653 2484 1718 2529 (de

142 2556 389 2601 προτατικοῑς
417 2553 498 2593 hoc
524 2563 611 2593 non
636 2554 767 2601 valet)
795 2565 1017 2603 novasque
1039 2565 1193 2594 scenas
1210 2555 1500 2596 introducenti
1518 2557 1718 2598 Terentio

142 2629 356 2677 quantum
402 2631 625 2678 praeterea
670 2630 800 2670 fuerit
846 2631 1171 2670 immutandum
1218 2632 1262 2671 in
1304 2633 1476 2672 fabulae
1509 2630 1716 2684 composi-

142 2704 260 2744 tione
291 2715 506 2754 exponere
537 2707 649 2746 nolo.
681 2707 904 2747 Eiusmodi
936 2708 1053 2747 enim
1080 2707 1396 2757 disputationes
1423 2720 1509 2750 non
1535 2714 1718 2761 possunt

142 2791 230 2820 non
261 2791 357 2821 esse
388 2782 503 2821 lectu
535 2782 824 2833 difficillimae,
853 2784 898 2822 in
924 2783 1222 2832 labyrinthum
1249 2785 1458 2825 inducunt
1484 2787 1691 2827 lectorem
1705 2801 1715 2837 ;

142 2858 283 2906 atque
303 2858 383 2897 hoc
414 2858 507 2897 loco
538 2857 742 2898 utilitatis
772 2859 931 2898 habere
963 2859 1070 2898 nihil
1101 2862 1296 2911 possunt,
1330 2871 1429 2900 cum
1462 2873 1532 2901 res
1563 2864 1717 2912 sponte

143 2936 360 2983 appareat.
414 2934 561 2973 Unum
607 2934 688 2974 hoc
734 2935 827 2974 dico
873 2945 1089 2984 nusquam
1137 2947 1342 2984 apparere
1389 2939 1714 2990 commissuras,
