2002 3464
943 351 1024 389 183

256 481 348 520 Hoc
388 479 534 519 fratris
575 478 626 517 de
659 477 800 517 amica
831 477 884 516 ad
915 476 1054 515 iustas
1085 474 1259 524 nuptias
1291 474 1590 518 transferenda
1621 474 1766 513 audito

198 556 375 598 consilio
405 556 568 596 Demea
598 554 838 594 exclamat:

1028 640 1052 669 o
1085 629 1286 679 Iuppiter,

491 706 702 747 Istoccine
733 708 858 756 pacto
891 706 1089 755 oportet?

196 786 462 826 Annotatur:
514 794 565 834 „o
607 784 867 833 Iuppiter
909 782 1072 831 tragice
1112 781 1269 821 adiecit
1301 792 1326 820 a
1358 781 1537 821 Micione
1569 780 1766 819 versus'’

195 862 308 911 Lege
338 870 575 900 aversus
607 870 682 909 pro
715 870 928 899 versus.
964 858 1120 898 Secum
1154 857 1271 897 enim
1303 858 1406 897 illud
1439 868 1462 896 o
1494 856 1764 906 Iuppiter,

154 937 271 982 'sed
316 937 599 977 istoccine
645 939 810 986 pacto
858 937 1116 986 oportet?
1164 936 1214 975 ad
1264 935 1492 975 Micionem
1533 944 1767 974 conversus

193 1013 356 1055 Demea
386 1013 501 1053 dicit.

251 1206 301 1256 V,
335 1207 375 1256 3,
410 1206 450 1246 4.
488 1206 813 1256 „Neptunus...
843 1205 1040 1244 omniurn
1069 1205 1385 1244 elementorum
1411 1203 1594 1253 potior.”
1622 1203 1768 1251 Neque

193 1283 380 1334 potior
435 1282 506 1322 hic
551 1282 794 1331 legendum,
845 1291 983 1330 neque
1031 1291 1130 1320 cum
1177 1280 1480 1320 Westerhovio
1527 1279 1766 1330 potitor,

192 1360 269 1400 sed
299 1361 512 1410 potens.

188 1434 190 1436 ’
252 1437 323 1476 39.
429 1435 525 1475 Νο11
557 1435 668 1484 quod
700 1433 927 1474 dissimilis
959 1444 1029 1474 res
1061 1433 1130 1483 sit,
1166 1434 1240 1472 sed
1273 1433 1385 1482 quod
1416 1433 1454 1472 is
1486 1432 1559 1481 qui
1590 1431 1706 1471 facit.

194 1512 290 1552 Sch.
338 1522 420 1562 „an
461 1511 562 1561 quia
602 1511 702 1550 huic
742 1511 845 1550 licet
856 1511 904 1550 ?”
942 1510 1256 1560 Fragmentum
1287 1510 1369 1549 hoc
1399 1509 1556 1559 integri
1591 1508 1767 1548 scholii:

198 1598 280 1639 „an
311 1598 420 1637 quae
452 1587 553 1633 huic
582 1587 684 1626 licet
714 1587 855 1626 facere
887 1586 988 1626 huic
1018 1597 1104 1626 non
1134 1586 1295 1626 licet?”

254 1665 324 1704 45.
358 1664 392 1704 Ο
425 1665 622 1703 noster
653 1663 870 1710 Demea]
909 1663 1091 1712 „blanda
1122 1664 1166 1702 et
1198 1673 1297 1702 cum
1325 1662 1512 1711 quodam
1540 1661 1769 1711 complexu

172 1740 288 1781 'eius
329 1740 402 1789 qui
443 1739 769 1789 reprehenditur
800 1738 1013 1778 incusatio
1046 1739 1090 1778 et
1120 1739 1171 1778 de
1204 1749 1324 1777 more
1357 1738 1570 1776 sublata.'’
1603 1737 1771 1776 Ultima

183 1819 250 1856 >et
289 1816 351 1855 de
392 1826 543 1855 more
584 1815 814 1855 sublata
846 1815 979 1854 etiam
1012 1814 1149 1854 critici
1180 1825 1363 1853 manum
1396 1814 1663 1863 exspectant.

255 1894 311 1932 56
354 1902 446 1941 sqq.
494 1893 658 1942 „Istam
689 1892 917 1941 psaltriam
952 1901 1127 1931 mecum
1159 1891 1259 1930 hinc
1291 1890 1572 1930 abstraham”
1607 1889 1770 1928 Demea

195 1968 270 2009 ait.
303 1969 550 2018 Respondet
581 1968 728 2008 Micio:
1301 2008 1306 2011 ,

493 2055 543 2084 00
574 2046 699 2094 pacto
731 2054 932 2093 prorsum
963 2044 1051 2083 11110
1083 2043 1274 2092 alligaris
1305 2042 1457 2082 filium.

195 2121 480 2172 alligaris]
534 2121 656 2171 „quis
702 2131 804 2160 vero
847 2120 1002 2160 dicitur
1044 2120 1212 2169 alligari
1253 2120 1306 2159 ad
1349 2119 1509 2168 aliquid
1551 2119 1646 2158 sine
1688 2129 1770 2166 quo

195 2207 292 2238 esse
324 2207 410 2237 non
435 2198 605 2247 possit?
631 2197 741 2247 Ergo
767 2197 935 2247 proprie
963 2197 1016 2236 ad
1043 2196 1232 2236 amicam
1258 2196 1426 2245 alligari
1453 2195 1771 2235 adolescentem

195 2273 299 2313 dicit
341 2274 626 2313 amatorem.'’
664 2273 756 2313 Duo
788 2273 858 2312 1110
890 2273 1055 2312 scholia
1086 2273 1286 2321 imperite
1318 2273 1421 2311 sunt
1452 2271 1770 2320 conglutinata:

196 2350 332 2389 altero
375 2350 649 2390 contenditur
690 2349 873 2389 iocantis
915 2359 1010 2388 esse
1053 2349 1242 2397 aliquem
1274 2348 1441 2397 alligari
1474 2346 1614 2387 dicere
1646 2348 1699 2386 ad
1731 2348 1772 2387 id

195 2426 308 2474 quod
340 2426 432 2465 toto
465 2427 585 2466 amet
615 2427 799 2475 pectore,
834 2425 969 2465 altero
1002 2424 1169 2474 proprie
1197 2425 1239 2463 et
1266 2424 1441 2463 veritati
1469 2423 1773 2463 convenienter

195 2501 300 2541 illud
332 2501 514 2541 verbum
544 2502 614 2542 hic
643 2502 755 2552 poni.

255 2692 305 2743 V,
336 2693 375 2743 4,
397 2693 466 2732 27.
489 2691 620 2742 „Vide
637 2703 862 2733 remanere
879 2693 924 2732 in
941 2693 1104 2733 Demea
1121 2703 1206 2732 non
1222 2693 1395 2743 penitus
1414 2693 1598 2732 eiectam
1616 2693 1772 2732 securi-

196 2769 379 2808 tatem.'’
432 2768 573 2807 Immo
620 2779 642 2807 s
655 2778 678 2808 e
689 2779 717 2808 v
731 2779 753 2808 e
765 2780 786 2808 r
796 2769 811 2808 1
822 2771 841 2808 t
853 2780 878 2808 a
890 2770 908 2808 t
920 2780 943 2808 e
955 2780 1013 2808 m.
1063 2769 1235 2808 Etenim
1284 2780 1366 2808 usu
1414 2769 1565 2808 doctus
1612 2769 1775 2808 Demea

198 2844 341 2885 subito
382 2844 505 2884 mitis
545 2844 687 2884 factus
729 2846 807 2896 est,
852 2845 927 2884 sed
971 2844 1131 2884 excidit
1173 2846 1324 2884 tamen
1357 2845 1394 2884 ei
1427 2831 1578 2884 acerbe
1611 2845 1775 2885 dictum

198 2931 319 2961 mea
358 2919 590 2960 minime
631 2920 823 2961 refert.
1761 2901 1765 2905 ’
