2002 3464
911 348 966 386 43

155 476 230 525 „ut
284 475 460 515 brevem
519 474 634 513 viam
682 474 1012 523 demonstraret,
1061 484 1147 512 non
1194 484 1287 513 eas
1333 473 1408 512 sed
1454 473 1721 511 transeas

150 550 304 590 dixit.”
347 550 440 590 Hoc
479 560 582 589 vero
624 559 699 589 cur
739 550 880 589 facere
921 551 1092 589 recuset
1131 561 1216 589 non
1259 550 1388 589 habet
1425 548 1643 596 ChremeS,
1678 548 1722 585 et

149 626 324 667 iubente
362 625 574 676 Pythiade
615 625 767 666 Dorias
809 626 964 665 ancilla
1007 636 1107 665 cum
1150 637 1198 666 eo
1241 627 1330 666 abit
1370 626 1489 665 viam
1531 625 1570 663 ei
1602 634 1719 663 mon-

149 703 352 745 stratura.

691 926 838 966 Ao'rus
870 927 933 966 III
965 927 1110 966 SGENA
1142 927 1181 966 4.

205 1059 327 1100 Nova
366 1059 437 1100 hic
477 1060 521 1100 in
563 1071 740 1100 scenam
782 1061 923 1110 prodit
964 1072 1159 1111 persona,
1204 1072 1336 1110 quam
1368 1061 1595 1101 Terentius
1628 1061 1720 1110 ipse

145 1118 309 1176 addidit
349 1136 445 1182 (hoc
485 1137 604 1176 enim
644 1147 723 1176 nos
765 1138 889 1176 docet
931 1137 1198 1188 Scholiasta),
1243 1148 1326 1186 quo
1367 1138 1481 1177 facto
1524 1148 1575 1177 ea
1611 1147 1720 1185 quae

145 1213 386 1261 sequuntur
420 1213 559 1253 multo
591 1211 702 1253 fiunt
732 1213 950 1263 lepidiora.
984 1214 1175 1263 Antipho
1208 1215 1287 1264 est,
1322 1214 1394 1262 qui
1427 1224 1526 1253 cum
1558 1213 1721 1253 frustra

145 1289 217 1329 diu
259 1288 497 1330 Chaeream
529 1290 838 1340 expectaverit,
872 1291 1051 1330 tandem
1083 1300 1184 1330 eum
1217 1291 1333 1330 domi
1366 1291 1546 1340 quaerit.
1579 1290 1720 1329 Verba

145 1358 240 1414 eius
271 1367 316 1406 et
347 1366 432 1406 alia
463 1367 567 1406 sunt
598 1367 642 1406 et
672 1367 780 1406 haec
812 1369 890 1413 (vs,
925 1367 1049 1413 545):

168 1426 171 1429 ¹
305 1442 438 1492 quue
456 1443 562 1483 adeo
577 1443 734 1493 visam,
754 1443 792 1482 si
809 1444 982 1483 domist.
1003 1443 1211 1494 Quisnam
1229 1444 1330 1484 hinc
1346 1444 1398 1483 ab
1416 1444 1577 1483 Thaide
1595 1444 1719 1484 exit?

142 1518 389 1559 Bentleius:

413 1595 495 1635 Sed
527 1596 729 1645 quisnam
761 1607 787 1636 a
818 1596 979 1636 Thaide
1012 1597 1135 1636 exit?

203 1670 541 1721 Elegantissima
571 1673 678 1712 haec
710 1673 778 1712 est
809 1673 1055 1712 coniectura
1087 1660 1131 1712 et
1162 1673 1434 1712 hauddubie
1461 1674 1716 1723 recipienda.

145 1746 248 1798 Quis
304 1747 421 1787 enim
471 1748 725 1797 languidum
771 1748 888 1788 istud
934 1749 1064 1788 hinc
1111 1749 1173 1788 ab
1221 1749 1430 1789 Thaide
1477 1750 1600 1800 ferat,
1649 1751 1719 1790 vel

51 1855 63 1866 ,
144 1822 428 1864 durissimum
454 1825 559 1864 illud
586 1825 860 1874 asyndeton?
886 1825 939 1864 Et
966 1826 1034 1865 est
1061 1826 1266 1865 correctio
1289 1826 1526 1866 lenissima.
1546 1827 1719 1866 Etenim

142 1900 243 1948 post
266 1899 418 1940 literas
443 1901 496 1940 st
521 1900 566 1940 in
592 1901 803 1940 domist
830 1901 995 1941 omissa
1022 1902 1090 1940 est
1117 1912 1142 1941 a
1168 1902 1342 1942 librario
1369 1913 1457 1942 vox
1483 1904 1578 1942 sed
1607 1905 1715 1953 (set),

143 1975 296 2017 deinde
327 1976 530 2017 adverbio
561 1977 693 2017 hinc
723 1988 878 2017 versus
909 1979 1126 2027 utcunque
1159 1979 1371 2028 expletus.

685 2260 832 2300 Acrus
864 2261 927 2300 ΠΙ
960 2262 1105 2301 SanA
1137 2263 1176 2302 5.

203 2383 339 2434 Quem
370 2385 562 2434 Antipho
594 2386 932 2426 admirabundus
965 2397 990 2426 a
1021 2387 1182 2427 Thaide
1215 2388 1334 2428 exire
1361 2389 1541 2440 viderat,
1571 2382 1737 2438 quem?

142 2470 224 2510 que
255 2460 344 2501 iam
376 2471 399 2500 e
430 2461 609 2501 latibulo
641 2463 899 2513 speculatur,
935 2463 1125 2504 Chaerea
1152 2467 1231 2515 est,
1262 2466 1438 2505 indutus
1466 2466 1717 2518 etiamnunc

142 2536 337 2576 Eunuchi
367 2537 575 2578 vestibus.
609 2539 806 2578 Primum
839 2540 997 2579 anxius
1027 2542 1215 2592 respicit,
1251 2542 1414 2593 deinde,
1444 2543 1516 2582 ubi
1543 2553 1568 2582 a
1594 2544 1715 2592 tergo
1759 2582 1763 2585 ,

142 2613 239 2652 tuta
269 2612 388 2652 videt
419 2613 578 2664 omnia,
613 2614 768 2664 gaudio
801 2616 1047 2655 exclamare
1080 2616 1242 2667 incipit.
1561 2598 1567 2604 ⁷

201 2698 266 2728 vs.
311 2689 410 2729 549.
452 2689 619 2730 Nemo
661 2691 897 2732 homost.
942 2692 1050 2742 Quid
1091 2693 1174 2732 sibi
1215 2694 1301 2733 ista
1342 2695 1572 2734 verborum
1609 2695 1716 2734 velit

141 2763 317 2804 ubertas
348 2764 450 2804 alibi
480 2765 634 2806 dicam.
1044 2814 1046 2816 v

200 2839 375 2891 Deinde,
403 2851 572 2881 memor
599 2843 733 2883 etiam
760 2854 892 2893 quam
919 2844 1225 2894 intempestive
1252 2847 1380 2886 modo
1407 2857 1454 2886 se
1470 2850 1714 2888 remoratus

141 2915 201 2958 sit
232 2926 367 2956 senex
400 2917 470 2956 ille
502 2918 819 2972 Achidemides,
853 2931 1002 2960 secum
1035 2921 1228 2972 queritur
1260 2924 1338 2969 (vs.
1373 2924 1458 2962 553
1491 2926 1632 2973 sqq.):
