2002 3464
130 0 140 11 υ
142 0 193 10 ·······

858 384 912 422 21

129 517 277 548 amore
307 507 433 558 plane
459 509 757 558 immutatum,
789 509 1065 548 Gnathonem
1092 509 1333 558 parasitum
1362 509 1696 558 appropinquan-

128 584 220 622 tem
265 584 395 635 videt,
444 585 515 633 qui
562 595 588 624 a
635 585 775 624 milite
824 585 997 624 adducit
1039 585 1229 634 puellam
1271 585 1359 623 iam
1401 584 1553 623 Thaidi
1589 585 1697 623 dono

127 659 337 708 dandam
380 660 609 700 honestam
644 661 738 700 eius
770 661 926 700 faciem
959 661 1108 699 laudat
1139 661 1290 710 tristis,
1327 671 1425 699 cum
1457 661 1585 709 probe
1617 661 1698 699 sibi

127 734 186 774 sit
217 735 414 775 conscius
440 746 571 784 quam
598 747 702 786 prae
731 737 805 775 illa
837 737 1041 775 sordeant
1068 737 1189 785 dona,
1220 746 1328 784 quae
1345 737 1437 785 ipse
1454 737 1521 774 sui
1538 736 1701 775 domini

125 810 270 850 vorbis
300 811 480 850 iamiam
512 813 570 851 sit
604 813 878 852 adducturus,

678 1126 829 1165 Aemus
862 1126 903 1164 Π
936 1126 1081 1164 SCENA
1116 1125 1152 1164 1.

183 1268 405 1309 Accedens
433 1269 603 1309 Gnatho
630 1279 780 1308 secum
801 1269 995 1317 ‘loquitur
1022 1277 1153 1316 seque
1171 1268 1397 1315 tamquam
1415 1267 1522 1305 artis
1538 1267 1696 1315 parasi-

125 1345 238 1384 ticae
270 1345 595 1385 emendatorem
627 1345 826 1384 laudibus
860 1345 996 1383 effert.
1035 1343 1257 1393 „Quanto”
1291 1343 1353 1381 ait
1387 1353 1492 1392 „ego
1524 1344 1696 1391 praesto

125 1421 300 1461 miseris
341 1421 714 1471 homuncionibus,
759 1421 831 1469 qui
873 1421 994 1459 illam
1037 1421 1176 1459 artem
1219 1419 1394 1467 antiquo
1427 1419 1697 1468 simplicique

87 1490 89 1493 ’
125 1497 253 1538 modo
285 1491 541 1539 exercent!’'

183 1585 248 1616 vs.
283 1575 369 1615 234
401 1584 465 1623 sq.

303 1645 494 1692 conveni
535 1651 660 1691 hodie
688 1650 922 1689 adveniens
955 1650 1170 1698 quendam
1202 1649 1297 1700 mei¹
1321 1649 1403 1688 looi
1435 1649 1535 1686 hino
1567 1648 1695 1695 atque

1376 1708 1379 1711 ’
1412 1757 1414 1760 ,
1444 1724 1632 1773 [ordin1s,

304 1804 538 1843 Hominem
580 1803 695 1842 haud
736 1803 956 1851 impurum
989 1803 1141 1841 itidem
1173 1802 1313 1851 patria
1344 1802 1416 1850 qui
1449 1800 1692 1849 abligurrie-

312 1872 313 1875 ’
1396 1877 1479 1923 [rat
1509 1877 1633 1915 bona.

127 1956 247 1996 Sch.:
294 1955 473 2006 „haud
515 1956 817 2004 impurum:
861 1955 924 1994 sio
956 1954 1186 1993 laudamus
1219 1963 1292 1992 eos
1325 1953 1368 1991 in
1402 1952 1555 2000 quibus
1587 1951 1694 1990 nihil

98 2027 107 2037 ”
126 2033 194 2072 est
234 2011 350 2082 quod
386 2042 647 2081 magnopere
690 2031 965 2070 efferamus.”
1010 2030 1133 2078 Ergo,
1174 2038 1438 2077 quamquam
1475 2028 1692 2076 mediocri,

125 2109 276 2148 tamen
297 2107 460 2156 ,aliqua
499 2107 625 2147 laude
668 2096 858 2156 aspergit
901 2106 1124 2146 hominem
1166 2105 1405 2154 parasitus:
1441 2104 1494 2142 in
1530 2103 1695 2142 laude

92 2185 244 2224 Α’6111111
284 2184 366 2224 hoc
406 2184 527 2234 ponit
569 2184 679 2232 quod
720 2183 910 2232 patria
947 2182 1365 2231 abligurrierat
1396 2181 1548 2219 bona.
1583 2180 1695 2218 Nam

78 2243 83 2249 Ε
125 2261 198 2310 qui
212 2261 333 2301 victu
349 2271 476 2311 parco
494 2261 719 2308 sobrioque
738 2261 805 2299 est
822 2260 1065 2308 contentus,
1086 2259 1157 2297 ille
1176 2259 1215 2297 ei
1233 2259 1301 2297 est
1329 2258 1436 2305 imp
1450 2267 1583 2295 urus
1612 2257 1637 2295 i.
1658 2266 1693 2295 e.

126 2337 323 2377 sordidus
355 2347 609 2385 avarusque.

190 2413 281 2463 „Me
307 2413 462 2463 aspice,
490 2423 563 2452 me
590 2413 773 2462 imitare,
804 2422 1011 2460 meaeque
1038 2412 1091 2450 da
1117 2421 1276 2450 nomen
1299 2410 1509 2449 militiae'’
1529 2409 1697 2449 Gnatho

126 2486 338 2528 miserum
369 2489 592 2529 hominem
623 2490 864 2529 monuerat.
899 2489 1194 2537 Responderat
1225 2488 1296 2527 ille
1329 2490 1407 2533 (vs.
1429 2488 1551 2533 244):

246 2564 305 2603 At
336 2575 414 2614 ego
445 2565 596 2605 infelix
628 2576 766 2614 neque
799 2565 1005 2604 ridiculus
1038 2575 1133 2604 esse
1166 2574 1302 2613 neque
1335 2564 1484 2613 plagas
1516 2563 1606 2612 pati

247 2638 446 2680 Possum.

129 2714 212 2754 Hic
242 2715 343 2764 quid
373 2716 431 2755 sit
461 2717 743 2756 ridiculus
773 2717 1014 2766 quaeritur;
1045 2717 1191 2765 quaeri
1218 2727 1302 2755 non
1334 2716 1482 2765 posset
1509 2715 1547 2753 si
1575 2714 1698 2753 Scho-

129 2790 285 2830 liastae
311 2792 449 2831 nostri
475 2792 664 2840 aliquam
692 2793 744 2832 ad
772 2793 886 2832 huno
913 2793 1056 2831 locum
1074 2788 1331 2831 haberemus
1350 2792 1697 2838 annotationem;

131 2877 235 2907 nam
277 2878 390 2907 nuno
431 2878 582 2908 vereor
621 2870 671 2908 ut
701 2869 830 2908 multi
861 2870 976 2908 recte
1010 2879 1110 2908 eum
1143 2868 1399 2916 intelligant.
1435 2867 1700 2907 Gravissime

134 2953 239 2983 vero
272 2945 418 2983 errant
449 2944 522 2992 qui
552 2944 636 2984 huo
665 2945 844 2984 trahunt
876 2945 1095 2984 Iuvenalis
1127 2954 1280 2984 versus
1312 2943 1627 2983 nobilissimos:
