2002 3464
907 353 988 392 179

157 477 233 528 sic,
277 487 540 527 quamquam
576 477 684 516 satis
717 477 860 526 inepto
893 487 1104 527 sermone,
1139 478 1220 516 hoc
1252 478 1415 517 dictum
1449 479 1551 517 erit:
1591 510 1607 527 „
1616 480 1653 518 si
1689 482 1732 519 et

101 544 103 548 ¹
158 563 183 592 o
194 564 216 592 r
226 555 244 593 t
255 564 284 593 u
295 565 340 593 m
373 555 416 594 et
445 564 472 603 p
485 563 507 592 e
520 563 542 592 c
554 563 576 592 c
588 563 613 592 a
623 555 642 591 t
653 563 681 591 u
693 563 738 591 m
771 553 1011 601 praedicata
1049 555 1206 602 essent,
1242 554 1389 602 utique
1422 555 1731 603 interponenda

159 631 252 668 erat
278 628 562 668 coniunctio.”
585 628 819 667 Auctorem
837 628 990 667 scholii
1009 628 1228 677 aliquanto
1247 629 1487 678 elegantius
1505 631 1732 680 scripsisse

159 705 320 754 opinor.

222 781 287 820 14.
373 780 544 829 Omnes,
579 779 734 828 quibus
768 790 837 818 res
870 781 972 819 sunt
1003 781 1149 819 minus
1182 781 1407 832 secundae,
1442 783 1584 831 magis
1617 785 1730 833 sunt,

1252 856 1412 903 [nescio
1445 858 1670 908 quomodo,

375 931 622 980 suspiciosi.
1600 914 1602 916 V

155 1007 357 1047 Nescio
404 1007 700 1055 quomodo]
748 1008 854 1056 „hoc
896 1010 963 1047 est
1005 1009 1391 1059 vehementla,
1436 1009 1555 1048 nulla
1585 1010 1729 1059 palam

154 1082 363 1123 ratione.”
411 1083 523 1132 Lege
570 1093 597 1121 v
610 1093 632 1122 e
645 1083 672 1121 h
686 1094 707 1122 e
720 1094 765 1122 m
778 1094 801 1122 e
813 1094 841 1122 n
853 1085 871 1122 t
883 1095 905 1123 e
918 1095 938 1122 r
952 1096 960 1132 ;
1009 1095 1111 1123 nam
1161 1086 1392 1133 utrumque
1435 1085 1550 1124 inest
1582 1086 1626 1125 in
1658 1087 1729 1125 illo

154 1159 346 1198 nescio
378 1159 671 1209 quomodo,
706 1161 749 1198 et
780 1161 1152 1214 vehementer
1185 1163 1228 1200 et
1262 1162 1455 1201 nescio
1490 1171 1595 1201 cur.

175 1250 177 1252 ¹
218 1235 284 1274 17.
335 1234 392 1285 „C
405 1245 429 1274 o
442 1246 462 1274 r
474 1245 499 1274 a
510 1245 556 1274 m
603 1235 655 1274 ad
699 1237 864 1275 ceteras
906 1246 1112 1285 personas
1158 1237 1357 1286 refertur,
1392 1248 1418 1286 p
1431 1238 1480 1276 al
1495 1248 1520 1276 a
1531 1248 1576 1276 m
1608 1247 1730 1286 gene-

153 1311 302 1351 raliter
348 1311 545 1352 dicitur.’'
593 1312 778 1351 Omnino
825 1313 1068 1361 recipienda
1110 1313 1232 1352 varia
1274 1313 1400 1352 lectio
1434 1324 1456 1352 c
1469 1324 1491 1352 e
1504 1325 1524 1352 r
1535 1315 1553 1352 t
1567 1324 1591 1352 a
1603 1324 1624 1352 s
1656 1324 1731 1362 pro

158 1397 181 1427 c
193 1397 216 1426 e
227 1389 246 1427 t
258 1398 281 1427 e
292 1399 314 1427 r
325 1398 351 1428 a
361 1398 396 1431 s.

214 1536 285 1586 IV,
319 1537 359 1576 4.
393 1537 443 1575 In
475 1547 652 1576 scenam
684 1537 825 1586 prodit
857 1537 1100 1577 Aeschinus
1134 1537 1178 1575 et
1211 1537 1274 1576 sic
1306 1537 1593 1577 lamentatur:

272 1613 516 1653 Discrucior
547 1613 695 1653 animi.
729 1613 918 1653 Hoccine
952 1614 1002 1652 de
1035 1613 1273 1662 improviso
1306 1613 1412 1653 mali
1442 1613 1551 1653 mihi
1579 1613 1704 1652 obiici

279 1689 481 1729 Tantum.

155 1759 402 1806 Annotatur
443 1766 495 1805 ad
532 1765 768 1805 hoccine
801 1766 861 1805 de
893 1766 1209 1815 improviso
1242 1766 1399 1805 mali:
1437 1766 1570 1815 „haec
1601 1766 1734 1805 verba

155 1841 378 1891 repentino
410 1842 561 1882 nuntio
593 1842 838 1891 perculsum
871 1842 1063 1882 indicant
1094 1842 1363 1882 Aeschinum
1391 1843 1564 1892 propter
1592 1843 1727 1882 divor-

155 1917 267 1956 tium
299 1918 415 1957 stare
447 1919 491 1957 et
521 1918 631 1957 iram
664 1918 777 1957 circa
807 1928 855 1957 se
888 1918 1109 1958 Sostratae
1138 1920 1182 1957 et
1209 1918 1301 1957 eius
1330 1917 1443 1957 filiae
1475 1918 1526 1957 ob
1555 1920 1729 1967 raptum

155 1993 440 2033 meretricis.”
499 1993 618 2044 Quid,
677 2004 849 2044 quaeso,
908 1994 952 2033 in
1009 1994 1092 2033 isto
1129 1982 1371 2043 'propt-er
1418 1994 1731 2034 divortium

155 2070 311 2109 stare
367 2070 506 2110 latet?
562 2070 810 2119 Legendum
862 2070 973 2109 fere:
1022 2071 1367 2110 Aeschinum
1416 2070 1730 2110 divortium

155 2148 409 2186 metuere
454 2147 684 2196 propter
730 2146 870 2185 iram
917 2157 952 2185 e.
972 2157 1010 2195 q.
1030 2157 1064 2185 s.

216 2223 271 2263 ib6
318 2222 528 2272 „Obiici
570 2223 724 2262 dicitur
766 2222 810 2261 in
842 2224 1071 2270 utramque
1113 2224 1306 2271 partem:
1340 2225 1389 2262 ut
1421 2223 1458 2262 si
1490 2233 1598 2271 quos
1630 2224 1731 2262 ante

156 2299 253 2348 quis
293 2299 424 2348 videt,
463 2309 594 2347 quam
626 2299 956 2348 exspectaverit,
1000 2309 1083 2347 quo
1125 2292 1541 2348 verbo'magnitudo
1559 2299 1732 2346 vdoloris

156 2375 398 2415 ostenditur
429 2385 484 2414 ex
516 2374 750 2424 improviso
783 2375 1099 2432 incommodo.'’
1133 2375 1382 2424 Legendum
1419 2385 1572 2414 censeo
1601 2376 1654 2414 et
1684 2376 1732 2414 si

156 2461 294 2500 quos
334 2461 410 2500 pro
450 2452 508 2490 ut
548 2451 596 2490 si
637 2461 772 2499 quos
814 2452 858 2490 et
899 2452 952 2490 et
994 2461 1052 2490 eo
1095 2451 1263 2491 verbo
1295 2462 1370 2500 pro
1403 2461 1505 2500 quo
1536 2451 1729 2490 verbo:

156 2527 346 2576 alioquin
377 2527 493 2566 istud
524 2528 578 2566 in
609 2529 906 2575 utramque
937 2529 1155 2576 partem
1187 2537 1319 2566 sensu
1351 2527 1524 2566 carebit.

217 2605 242 2643 6
275 2614 367 2652 sqq.
402 2604 470 2643 Sic
501 2603 785 2643 infortunium
817 2614 947 2642 suum
978 2604 1232 2652 Pamphilus
1264 2605 1434 2642 narrat:

629 2680 825 2719 Sostrata
857 2680 992 2718 credit
1022 2679 1131 2718 mihi
1163 2690 1234 2719 me
1267 2680 1494 2729 psaltriam
1527 2679 1639 2718 hanc

277 2756 469 2796 Emisse:
503 2755 543 2795 id
576 2766 685 2795 anus
716 2756 818 2795 fecit
850 2756 1056 2795 indicium
1088 2756 1210 2795 mihi,

276 2832 388 2871 Nam
420 2833 468 2871 ut
499 2831 599 2870 hinc
629 2831 740 2871 forte
771 2842 822 2871 ea
853 2832 906 2871 ad
938 2831 1215 2871 obstetricem
1249 2834 1342 2871 erat
1373 2832 1533 2871 missa:
1566 2831 1638 2870 ubi

1305 2910 1418 2954 [eam
1449 2907 1550 2957 vidi,
1584 2907 1696 2946 inico
1776 2895 1780 2898 ’
