2002 3464
956 378 1037 418 135

613 503 740 552 Hem,
775 513 910 552 egone
943 503 1055 542 istuc
1087 503 1232 542 conari
1263 503 1453 552 queam?

326 581 447 632 Egon
477 559 649 631 propter
680 590 752 618 me
784 579 904 618 illam
937 580 1074 628 decipi
1105 579 1314 619 miseram
1346 579 1521 619 sinam?

326 657 442 708 Quae
474 655 583 696 mihi
614 666 744 694 suum
777 655 986 706 animum,
1021 657 1151 704 atque
1178 665 1354 694 omnem
1381 655 1520 694 vitam
1547 655 1748 703 credidit;

325 733 463 784 Quam
494 743 572 782 ego
605 732 751 771 animo
784 732 953 781 egregie
986 742 1132 772 caram
1164 743 1239 782 pro
1270 743 1406 771 uxore
1439 731 1687 780 habuerim3

323 810 440 850 Bene
472 811 516 849 et
546 808 698 858 pudice
731 809 823 848 eius
856 809 1031 848 doctum
1065 811 1194 858 atque
1227 810 1431 848 eductum
1463 809 1606 848 sinam

323 885 531 926 Coactum
563 885 758 934 egestate
791 885 1014 934 ingenium
1047 885 1352 925 immutarier?

320 962 416 1002 Non
446 962 618 1002 faciam.

203 1037 287 1078 Hic
317 1039 362 1078 et
392 1038 478 1078 alia
509 1037 790 1077 inveniuntur
822 1039 1032 1078 annotata
1064 1039 1107 1077 et
1139 1038 1267 1078 haec:

188 1120 190 1122 ’
260 1115 407 1155 Bene
439 1116 493 1154 et
523 1115 750 1164 pudice]
789 1115 897 1164 „Hic
929 1114 1034 1154 illud
1066 1115 1251 1154 solvitur
1282 1115 1412 1154 lana
1444 1117 1497 1154 et
1526 1116 1644 1155 tela
1674 1116 1778 1156 vic-

201 1192 317 1232 tum
357 1191 719 1240 quaeritans:
763 1192 812 1230 ut
843 1191 924 1230 hoc
955 1192 1202 1240 praestruat
1233 1191 1341 1230 bene
1374 1193 1417 1230 et
1447 1191 1599 1240 pudice
1632 1192 1778 1241 Glyce-

190 1267 316 1322 rium
362 1277 459 1307 esse
507 1267 779 1307 educatam.”
824 1267 944 1307 Haec
984 1278 1056 1306 me
1088 1267 1329 1316 intelligere
1361 1267 1533 1316 opinor;
1567 1268 1630 1307 sic
1662 1269 1779 1308 enim

200 1343 385 1394 accipio:
422 1354 563 1393 „nunc
593 1343 806 1383 habemus
839 1344 1175 1393 explicationem
1209 1354 1284 1383 cur
1315 1343 1419 1383 olim
1452 1343 1615 1383 dictum
1643 1344 1702 1383 sit
1728 1345 1780 1384 de

199 1418 430 1470 Chryside:
473 1420 604 1460 lana
646 1421 699 1459 et
739 1420 857 1459 tela
898 1420 1114 1459 victum
1157 1419 1508 1468 quaeritans.
1548 1419 1629 1459 His
1662 1421 1778 1460 enim

197 1496 343 1536 verbis
390 1496 527 1536 animi
573 1497 870 1545 spectatorum
915 1496 1199 1545 praeparandi
1247 1497 1371 1535 erant
1418 1496 1471 1534 ad
1519 1496 1779 1536 credendum

171 1628 174 1630 q
197 1572 350 1622 pudice
380 1572 628 1622 Glycerium
658 1582 754 1612 esse
781 1573 1054 1612 educatam.”
1085 1573 1167 1611 Sed
1194 1572 1347 1611 statim
1375 1572 1623 1611 subiicitur:
1655 1573 1781 1622 „lana

199 1650 244 1688 et
288 1649 377 1689 tela
423 1650 590 1689 victum
637 1649 931 1699 quaeritans,’'
976 1660 1086 1698 quae
1117 1649 1251 1688 verba
1282 1649 1352 1688 hic
1383 1649 1548 1689 scribae
1582 1659 1724 1689 errore
1757 1661 1779 1690 e

197 1725 554 1777 praecedentibus
588 1726 772 1775 repetita
805 1726 1000 1765 arbitror.
1035 1726 1264 1766 Adduntur
1290 1726 1409 1775 haec,
1439 1736 1549 1774 quae
1575 1726 1777 1775 mysterii

198 1803 338 1843 instar
377 1803 600 1842 videntur:
648 1803 727 1852 „Et
767 1813 853 1842 non
894 1803 1081 1852 pertinet
1123 1803 1176 1842 ad
1209 1803 1529 1852 argumentum,
1565 1802 1649 1842 nisi
1680 1804 1805 1858 post*

198 1879 338 1920 vitam
370 1879 557 1928 Glycerii
583 1879 844 1929 intelligas.'’
874 1879 956 1918 Sed
982 1879 1069 1919 leni
1097 1871 1400 1918 emendatione
1428 1879 1535 1918 haec
1551 1878 1777 1928 perspicua

198 1956 317 1997 reddi
352 1966 479 2006 posse
511 1956 673 2006 opinor.
706 1956 879 1996 Etenim
911 1958 1009 2006 post
1040 1956 1154 1995 nisi
1187 1956 1466 1995 inserendum
1500 1957 1567 1995 est
1600 1957 1672 1995 ut.
1709 1956 1778 1996 Sic

199 2032 316 2072 enim
352 2031 461 2071 haec
491 2033 684 2072 nascitur
716 2033 983 2072 observatio:
1022 2034 1141 2082 „tota
1167 2033 1242 2071 illa
1269 2032 1627 2072 commemoratio
1661 2033 1777 2072 vitae

199 2119 225 2148 a
271 2107 479 2157 Chryside
526 2109 655 2148 antea
700 2109 830 2158 probe
873 2111 916 2148 et
957 2109 1109 2158 pudice
1152 2110 1274 2148 actae
1308 2119 1423 2148 cum·
1440 2109 1575 2148 totius
1607 2109 1777 2148 fabulae

199 2184 455 2234 argumento
501 2185 712 2224 hactenus
759 2187 933 2225 tantum
982 2186 1194 2236 cohaeret,
1244 2186 1356 2234 quod
1399 2196 1454 2224 ex
1497 2196 1548 2224 ea
1591 2185 1776 2235 Glycerii

201 2260 294 2300 vita
325 2261 394 2300 est
427 2261 736 2310 cognoscenda.
1546 2243 1550 2246 Α

259 2336 329 2376 42.
910 2338 1060 2378 Adeon
1092 2349 1163 2377 me
1196 2339 1406 2387 ignavum
1438 2339 1599 2387 putas?

347 2411 497 2453 Adeon
528 2423 652 2462 porro
685 2413 907 2463 ingratum
940 2415 1016 2454 aut
1047 2414 1339 2454 inhumanum
1374 2416 1449 2454 aut
1475 2414 1648 2454 ferum?

198 2488 265 2528 Ad
305 2488 572 2539 ignavum
614 2490 658 2529 et
689 2490 980 2539 ingratum
1013 2492 1269 2530 annotatur:
1304 2487 1470 2541 αὔξησις
1504 2492 1593 2530 est:
1628 2491 1776 2530 inhu-

198 2558 419 2605 manu'm
466 2566 561 2605 aut
601 2566 781 2606 ferum
824 2568 923 2616 post
953 2566 1149 2606 subiecta
1181 2566 1334 2606 dixit.”
1371 2566 1489 2616 Quod
1521 2567 1628 2606 nihil
1663 2567 1778 2606 aliud

199 2638 442 2691 significare
458 2641 629 2693 videtur
645 2653 798 2691 quam:
822 2643 955 2693 „haec
971 2643 1104 2682 verba
1130 2643 1498 2682 inhumanum
1527 2645 1571 2682 et
1597 2643 1617 2682 f
1625 2654 1776 2682 erum

199 2727 313 2757 nova
343 2718 447 2756 sunt
477 2718 719 2758 sententiae
751 2719 960 2769 membra,
996 2718 1180 2768 augendi
1213 2730 1344 2759 causa
1376 2719 1586 2759 adiecta.’'

259 2793 478 2833 Laudatur
508 2803 632 2843 porro
664 2805 690 2834 a
721 2795 964 2835 Scholiasta
995 2795 1212 2844 Pamphili
1245 2795 1394 2845 oratio,
1424 2795 1497 2844 qui
1524 2806 1610 2835 non
1637 2795 1774 2834 dicat:

202 2869 391 2919 „adeone
428 2870 555 2918 putas
586 2879 658 2909 me
689 2869 800 2920 patri
833 2870 1003 2910 obedire
1016 2872 1064 2910 ?”
1099 2871 1175 2910 sed
1211 2871 1398 2921 „adeone
1431 2882 1502 2910 me
1535 2882 1637 2920 erga
1669 2870 1773 2911 ami-

202 2955 299 2988 cam
341 2945 573 2997 ingratum,
618 2946 770 2997 ferum,
815 2947 1103 2993 inhumanum
1146 2947 1284 2989 credis
1296 2947 1358 2998 ?’'‚
1403 2949 1533 2997 atque
1570 2947 1633 2988 sic
1665 2949 1776 2999 quod
