2002 3464
1020 396 1101 436 174

284 518 358 556 sed
399 519 540 566 potius
582 520 699 558 casui
740 520 993 560 attributam
1035 522 1166 560 velit’'
1208 533 1283 571 pro
1323 525 1392 572 „et
1422 524 1485 563 sic
1515 525 1669 564 maluit
1699 525 1839 566 dicere

283 603 415 640 quam
440 604 552 632 nunc
578 595 791 634 Aeschino
809 597 991 646 culpam,
1011 598 1085 635 sed
1102 598 1243 646 potius
1261 600 1377 638 casui
1395 600 1648 657 attributam
1664 602 1837 642 vellet.”

347 669 412 707 10.
459 669 536 717 „Et
572 680 745 718 genus
778 672 865 710 iam
898 672 949 710 ad
981 672 1104 711 vivos
1136 673 1331 724 pertinet,
1365 661 1590 715 familia
1621 677 1753 717 etiam
1785 677 1838 716 ad

283 743 547 783 defunctos.”
589 745 720 784 Estne
762 747 868 785 iam
910 747 980 786 hic
1020 748 1134 786 idem
1177 749 1285 796 quod
1326 751 1746 793 tantummodo?
1785 754 1838 794 Et

283 819 382 866 quid
414 821 505 858 tota
536 820 616 859 sibi
648 821 753 860 haec
784 822 878 860 vult
909 822 1131 861 doctrina?

340 966 413 1015 III,
451 967 488 1016 2,
525 969 563 1006 8.
1619 1015 1621 1018 ,

487 1042 621 1091 Quem
652 1054 788 1092 neque
820 1044 937 1094 fides,
972 1056 1108 1094 neque
1141 1047 1448 1098 iusiurandum,
1484 1061 1622 1098 neque
1654 1052 1775 1091 illum

1501 1160 1509 1169 ,
1527 1126 1836 1172 [misericordia

485 1194 706 1242 Repressit
737 1207 874 1244 neque
905 1197 1085 1236 reflexit.

281 1267 442 1306 Schol.:
479 1269 568 1317 „sic
598 1271 679 1309 hoc
709 1272 871 1310 dictum
904 1273 970 1310 est
1001 1274 1049 1311 ut
1080 1283 1105 1312 a
1136 1273 1333 1322 Virgilio:

484 1345 597 1383 Num
629 1346 732 1385 fletu
764 1347 974 1395 ingemuit
1005 1349 1163 1398 nostro,
1197 1359 1302 1388 num
1334 1350 1499 1390 lumina
1529 1351 1682 1391 flexit?

487 1421 600 1459 Num
625 1421 827 1460 lacrimas
853 1423 995 1461 victus
1012 1424 1137 1473 dedit,
1158 1426 1232 1463 aut
1248 1426 1480 1481 miseratus
1497 1429 1719 1467 amantem
1737 1430 1835 1468 est?

278 1496 338 1534 Ut
378 1496 415 1534 si
446 1507 531 1535 non
572 1497 710 1545 potuit
750 1498 925 1546 reprimi
966 1509 1018 1537 ne
1059 1499 1230 1549 faceret,
1275 1501 1431 1539 saltem
1469 1503 1516 1540 ut
1547 1503 1591 1540 in
1621 1504 1834 1551 peccando

278 1573 394 1610 esset
419 1572 577 1621 mitior,
606 1572 751 1611 debuit
778 1575 1098 1612 commoveri?'’
1129 1574 1336 1623 Quoniam
1354 1577 1568 1624 sequitur:
1586 1579 1661 1617 sed
1677 1579 1834 1618 melius

278 1648 388 1695 quod
430 1658 570 1696 supra,
613 1657 687 1695 pro
729 1649 787 1685 ut
828 1648 874 1686 si
916 1659 1019 1687 non
1061 1651 1248 1697 potuit
1289 1651 1517 1699 legendum
1559 1654 1626 1691 est
1662 1655 1757 1693 aut
1786 1654 1834 1693 si

277 1733 381 1761 non
416 1723 623 1772 potuit,
658 1723 852 1771 quodque
884 1726 981 1772 post
1012 1725 1115 1763 illud
1148 1727 1241 1764 aut
1271 1726 1428 1775 legitur
1459 1738 1618 1768 novam
1645 1730 1834 1771 continet

277 1797 608 1845 explicationem
642 1799 723 1844 (vel
754 1799 873 1838 verbi
905 1801 1190 1849 repressit
1220 1802 1288 1840 vel
1321 1803 1586 1850 reflexit).

339 1874 404 1912 16.
437 1873 617 1922 Egregia
649 1875 946 1928 emendatione
977 1876 1302 1916 Westerhovius
1334 1878 1414 1917 hoc
1445 1879 1636 1919 scholion
1662 1881 1834 1920 sanavit

275 1958 350 1996 pro
392 1949 769 1997 bracchiaque
811 1952 864 1988 et
906 1953 1096 1990 cetera
1136 1952 1282 1991 vitia
1323 1953 1490 2002 legens:
1527 1955 1833 2040 „bracchiaque

276 2024 319 2062 et
351 2025 503 2063 cetera.
537 2024 735 2063 Vindicta
767 2036 800 2064 e.
821 2036 858 2073 q.
878 2027 926 2064 s’

338 2100 403 2138 18.
434 2100 795 2147 Sublimem],
796 2101 898 2149 ‚ista
923 2103 1100 2150 poena.''
1131 2102 1408 2152 Corruptum;
1437 2115 1574 2153 neque
1601 2106 1830 2154 quidquam

274 2176 447 2223 prodest
478 2176 722 2215 coniectura
754 2177 875 2225 ipsa
916 2188 1102 2226 poena.

335 2252 403 2290 23.
1143 2254 1201 2292 Te
1232 2255 1372 2302 ipsam
1404 2255 1595 2303 quaerito

451 2328 508 2366 Te
536 2330 759 2376 exspecto:
789 2329 940 2377 oppido
967 2330 1201 2377 opportune
1226 2330 1270 2368 te
1296 2330 1488 2369 obtulisti
1514 2331 1622 2369 mihi
1644 2331 1828 2372 obviam.

275 2396 473 2442 Scholion
514 2405 567 2442 ad
607 2405 721 2443 hunc
760 2405 902 2443 locum
944 2405 1005 2444 sic
1047 2404 1219 2444 refinxit
1259 2406 1606 2446 Westerhovius:
1643 2408 1831 2457 „incerta

275 2479 491 2518 distinctio
547 2481 693 2518 utrum
749 2482 803 2518 te
855 2482 1123 2529 exspecto
1170 2481 1368 2529 oppido
1416 2484 1727 2531 opportune
1771 2484 1830 2523 sit

274 2553 499 2593 dicendum
557 2565 611 2593 an
658 2557 993 2603 exspectare
1033 2556 1092 2594 sit
1131 2556 1406 2604 impatienter
1446 2567 1609 2607 cupere,
1653 2559 1696 2596 et
1736 2558 1829 2598 sine

272 2629 605 2677 praescriptione
636 2631 855 2679 temporis,
890 2641 1060 2679 sperare
1092 2631 1214 2670 iuxta
1247 2633 1411 2671 certum
1442 2634 1656 2681 tempus.'’
1684 2633 1827 2672 Laudo

272 2704 561 2743 Westerhovii
607 2715 792 2755 operam,
841 2707 915 2744 sed
962 2706 1177 2754 integrum
1223 2707 1414 2746 scholion
1460 2708 1702 2747 restituisse
1742 2718 1827 2747 non
1873 2738 1876 2740 -

273 2779 453 2818 videtur.
486 2779 656 2818 Etenim
688 2780 800 2819 inter
831 2790 895 2819 an
928 2782 970 2819 et
1002 2783 1337 2829 exspectare
1370 2783 1580 2822 excidisse
1611 2777 1824 2832 suspicor:

277 2851 331 2894 1⁰.
390 2856 567 2895 alterius
623 2857 909 2896 distinctionis
966 2857 1334 2907 significationem,
1395 2854 1452 2898 2⁰.
1514 2860 1675 2908 „altera
1720 2859 1826 2899 haec

273 2931 490 2969 distinctio
522 2942 624 2970 vera
657 2934 722 2971 est
755 2943 852 2971 cum
885 2943 919 2971 e.
939 2943 977 2980 q.
997 2933 1059 2971 S.''
