2002 3464
1023 397 1104 435 180

399 520 577 570 Accedo,
612 520 748 569 rogito
780 520 1006 569 Pamphila
1037 521 1135 568 quid
1168 523 1288 570 agat:
1323 522 1396 561 illa
1429 522 1667 562 exclamat:
1701 523 1770 562 abi

1333 598 1416 644 [abi
1447 599 1546 648 iam,
1581 598 1806 638 Aeschine.

285 671 349 709 Ad
382 671 483 709 illa
515 671 798 710 exclamat
831 672 1081 710 annotatur:
1119 682 1228 720 „non
1255 674 1481 721 respondet
1508 674 1581 712 sed
1609 674 1837 723 exclamat.

286 746 337 784 Et
377 746 483 784 bene
524 746 615 784 vim
657 746 817 784 addidit
858 746 910 784 ad
953 747 1314 786 exclamationem
1345 748 1490 787 fuisse.
1525 749 1634 797 Ergo
1665 758 1690 787 a
1720 748 1839 788 vocis

286 831 402 871 sono,
442 832 526 860 non
559 832 584 860 a
614 821 798 860 verbis.'’
833 822 901 860 Sic
933 822 1130 870 equidem
1160 822 1270 862 hanc
1302 824 1624 863 annotationem
1656 823 1838 873 accipio:

290 897 674 945 „exclamandi
701 897 879 936 verbum
907 898 1123 936 interdum
1150 899 1448 938 tantummodo
1476 899 1680 938 orationis
1706 908 1858 948 genus.

286 971 510 1023 significat,
540 984 621 1021 quo
649 974 743 1021 quis
769 974 926 1022 utitur;
955 974 1024 1012 hic
1050 975 1198 1013 tamen
1224 975 1475 1025 Aeschinus,
1505 975 1606 1014 dum
1625 975 1696 1014 illo
1712 973 1840 1014 verbo

286 1048 432 1098 utitur,
480 1049 559 1087 hoc
606 1049 722 1087 addit
767 1049 1024 1088 narrationi:
1079 1050 1271 1089 aniculae
1304 1051 1436 1090 etiam
1468 1050 1729 1099 superfuisse
1761 1049 1840 1089 cla-

286 1123 432 1161 mandi
458 1124 591 1163 vim.”
620 1125 765 1173 Ipsum
793 1125 1008 1163 Donatum
1030 1125 1155 1173 paulo
1174 1125 1411 1174 elegantius
1427 1127 1618 1176 locutum
1636 1126 1840 1175 suspicor.

347 1199 398 1236 21
433 1209 495 1246 sq.
530 1199 598 1237 Sic
629 1201 769 1237 semet
795 1200 937 1248 ipsum
965 1200 1194 1248 alloquitur
1221 1201 1551 1249 adhortaturque
1578 1201 1841 1240 Aeschinus:

406 1273 632 1313 Cessatum
663 1285 797 1323 usque
830 1275 967 1314 adliuc
999 1277 1086 1314 est:
1122 1286 1234 1314 nunc
1265 1287 1401 1326 porro,
1435 1276 1660 1326 Aeschine,
1695 1286 1763 1315 ex-

1537 1352 1790 1401 [pergiscere
1803 1351 1812 1390 i

406 1424 526 1463 Nunc
557 1425 636 1464 hoc
667 1425 855 1473 primum
889 1427 976 1464 est:
1012 1427 1064 1464 ad
1096 1426 1192 1464 illas
1225 1426 1292 1465 ibo
1323 1428 1372 1465 ut
1402 1438 1580 1476 purgem
1611 1438 1704 1466 me:

1327 1485 1542 1548 [accedam
1575 1503 1627 1541 ad
1657 1502 1782 1542 fores.

289 1575 553 1613 Annotatur:
611 1575 761 1614 Nunc
818 1576 915 1614 hoc
968 1576 1229 1624 primum]
1282 1575 1496 1624 „primum
1542 1577 1593 1615 ab
1639 1587 1688 1616 eo
1733 1577 1844 1625 quod

293 1651 506 1698 rogandus
554 1652 619 1689 est
664 1652 827 1699 pater.”
875 1651 955 1689 Pro
998 1653 1084 1690 est
1124 1651 1352 1699 legendum
1385 1652 1532 1700 opinor
1563 1653 1695 1691 erat.
1728 1652 1846 1691 Haec

293 1726 407 1764 enim
454 1726 683 1774 requiritur
728 1726 964 1764 sententia:
1018 1726 1231 1775 „primum
1279 1727 1377 1774 post
1422 1726 1538 1777 illud,
1587 1727 1697 1775 quod
1743 1727 1846 1766 olim

292 1801 535 1840 faciendum
567 1802 670 1850 erat,
704 1802 752 1839 ut
784 1811 809 1839 a
839 1802 959 1849 patre
991 1802 1156 1849 peteret
1186 1802 1235 1839 ut
1260 1812 1440 1840 uxorem
1468 1801 1548 1840 sibi
1575 1802 1846 1851 Pamphilam

294 1877 445 1916 ducere
477 1877 665 1915 liceret.”

355 2025 424 2074 IV,
455 2027 492 2074 ὃ,
523 2025 561 2063 9.
591 2025 755 2063 Gaudet
782 2025 903 2063 Micio
930 2024 1067 2064 filium
1095 2025 1344 2074 adoptivum
1373 2036 1457 2065 non
1480 2027 1584 2065 adeo
1602 2036 1696 2065 esse
1713 2026 1845 2075 impu-

296 2101 468 2139 dentem
510 2101 611 2148 quin
654 2101 900 2139 erubescere
932 2101 1069 2149 possit
1101 2102 1143 2139 et
1174 2101 1419 2151 erubuit,
1454 2102 1613 2141 salva
1643 2112 1731 2140 res
1762 2103 1848 2141 est

296 2176 368 2214 ait.
402 2176 666 2214 Annotatur:
704 2176 860 2224 „nimis
891 2178 1070 2224 paterna
1101 2176 1327 2215 sententia.
1360 2177 1412 2215 Et
1444 2187 1466 2215 e
1493 2177 1703 2216 contrario
1730 2177 1847 2216 Simo

296 2250 340 2288 in
396 2250 576 2289 Andria:
625 2251 771 2298 vide,
794 2248 796 2251 ’
821 2261 942 2289 num
990 2252 1110 2289 eius
1157 2251 1307 2290 color
1353 2252 1581 2300 pudoris
1628 2252 1848 2301 signum

295 2335 527 2373 usquam
594 2325 822 2364 indicat.
880 2326 933 2364 Et
989 2326 1137 2374 quanti
1192 2326 1371 2365 affectus
1427 2328 1494 2365 est
1548 2337 1633 2366 non
1687 2327 1848 2366 dixisse

298 2401 544 2449 erubuit,
599 2401 794 2439 salvus
842 2403 928 2439 est
974 2401 1047 2440 sed
1094 2401 1253 2440 salva
1299 2412 1387 2440 res
1435 2403 1531 2441 est.
1579 2402 1727 2441 Nonne
1771 2402 1848 2441 tibi

296 2476 465 2514 videtur
506 2485 573 2514 res
615 2476 706 2514 eius
738 2477 878 2514 omnis
910 2476 954 2514 in
984 2476 1196 2515 Aeschino
1229 2477 1492 2516 constituta?
1525 2478 1674 2517 eodem
1705 2478 1848 2517 animo

299 2552 341 2588 et
373 2561 501 2599 supra
533 2551 652 2600 dixit,
687 2551 740 2589 in
770 2561 828 2589 eo
860 2562 940 2590 me
973 2551 1217 2590 oblecto:
1252 2551 1431 2590 solum
1464 2553 1514 2591 id
1546 2554 1632 2592 est
1663 2563 1848 2595 carum

298 2625 448 2664 mihi.
505 2626 597 2664 Non
654 2626 769 2664 enim
816 2626 994 2664 solum
1041 2626 1186 2664 intulit
1231 2617 1340 2674 quod
1388 2628 1726 2677 exspectabatur,
1774 2628 1849 2667 sed

300 2700 504 2749 absolute,
539 2700 660 2748 quasi
692 2711 746 2738 ex
777 2701 976 2739 omnibus
1008 2701 1185 2739 solum
1213 2701 1253 2739 id
1281 2703 1347 2740 est
1372 2702 1552 2750 inquit.''
1579 2703 1846 2752 Legendum:

305 2786 415 2825 „non
457 2776 571 2814 enim
613 2776 769 2814 solus
810 2776 956 2815 intulit
990 2786 1024 2815 e.
1054 2786 1092 2823 q.
1121 2776 1184 2814 S.'’
1218 2776 1309 2815 Hoc
1341 2777 1455 2815 enim
1487 2778 1567 2816 sibi
1598 2778 1692 2816 vult
1721 2787 1847 2816 anno-

299 2851 428 2889 tatio:
480 2850 642 2900 „multo
688 2851 864 2890 maioris
910 2853 977 2890 est
1022 2851 1213 2890 caritatis
1260 2851 1438 2890 solum
1484 2852 1534 2890 id
1581 2853 1631 2891 de
1675 2852 1848 2891 homine

300 2926 438 2965 dicere
470 2937 599 2975 quam
631 2927 826 2966 solus.”
