2002 3464
950 354 1032 393 105

206 479 368 520 aiunt
409 480 461 519 de
502 490 554 519 ea
594 489 640 518 re
681 479 880 528 usurpari
922 479 1026 519 dicit
1066 489 1176 528 quae
1218 479 1366 518 odiosa
1403 479 1594 528 loquenti
1626 479 1685 518 sit
1711 480 1779 518 vel

206 567 311 597 vera
350 567 438 598 non
479 566 575 596 esse
615 556 828 606 videatur,
873 557 911 595 si
952 556 1268 605 gerundivo
1312 556 1472 605 aliquid
1504 556 1616 604 quod
1648 555 1779 599 inevi-

205 633 338 673 tabile
368 632 428 672 sit
457 632 649 682 indicari,
684 632 722 671 si
755 633 854 672 eho
886 633 1033 672 arcani
1065 633 1225 682 aliquid
1256 633 1450 682 rogantis
1478 643 1586 683 esse,
1615 643 1701 672 non
1729 634 1780 673 de

205 710 299 749 arte
324 708 612 759 grammatica
638 708 964 749 observationes
991 710 1141 749 scribit
1161 710 1307 759 pusilli
1324 710 1461 749 animi
1476 710 1780 759 ludimagistro

204 785 370 836 dignas,
413 785 489 824 sed
529 785 611 824 hoc
652 785 797 824 docet:
842 795 942 824 cum
985 787 1128 825 certus
1166 786 1225 825 sit
1256 786 1541 826 Terentianae
1573 786 1782 826 orationis

205 861 332 912 color,
381 862 548 901 certum
589 861 673 900 sibi
714 861 789 901 illa
829 862 1022 911 postulat
1063 863 1211 902 actum
1253 864 1503 911 certamque
1534 864 1780 912 pronuntia-

203 937 391 977 tionem:
424 937 483 976 ibi
513 938 662 977 autem
694 938 764 977 vel
795 938 982 978 maximi
1014 940 1117 978 sunt
1147 939 1362 978 momenti
1393 939 1543 978 brevia
1569 941 1782 988 quaedam

205 1014 436 1055 vocabula:
475 1015 544 1054 his
575 1016 692 1055 recte
719 1015 1011 1065 pronuntiatis
1038 1017 1182 1055 cetera
1207 1018 1361 1065 sponte
1387 1018 1639 1065 sequuntur.
1673 1017 1782 1066 Ergo

203 1100 418 1140 quemque
447 1090 593 1130 locum
625 1102 651 1131 a
681 1091 870 1141 perfecto
897 1092 1085 1140 quodam
1112 1091 1276 1132 artifice
1304 1093 1374 1142 agi
1399 1091 1546 1142 fingit:
1576 1093 1627 1132 de
1655 1094 1782 1142 gestu

203 1167 297 1208 eius
338 1169 382 1208 et
422 1178 529 1207 voce
569 1169 738 1207 tamdiu
780 1169 942 1218 cogitat
984 1169 1119 1208 donec
1161 1170 1308 1208 audire
1340 1180 1442 1208 eum
1474 1171 1604 1218 atque
1635 1171 1782 1210 videre

202 1243 286 1284 sibi
315 1243 537 1293 videatur;
571 1245 692 1284 audit
724 1246 872 1284 autem
905 1246 1034 1294 atque
1066 1245 1185 1284 videt
1216 1246 1475 1294 praesertim
1508 1256 1608 1285 cum
1634 1247 1783 1286 brevia

203 1319 279 1360 illa
308 1320 519 1360 vocabula
549 1321 712 1360 mentis
744 1322 1064 1371 contemplatur
1095 1322 1245 1361 oculis.

262 1396 397 1436 Totus
423 1398 492 1436 est
517 1397 562 1436 in
588 1398 682 1437 arte
709 1397 893 1437 scenica.
921 1397 1011 1437 Aut
1026 1408 1112 1438 uno
1129 1398 1338 1438 vocabulo
1359 1399 1781 1448 „pronuntiandum”

202 1472 482 1513 adscribendo
523 1472 740 1523 significat
781 1474 896 1514 hunc
936 1474 1080 1514 locum
1123 1473 1302 1514 artificis
1334 1475 1494 1514 scenici
1526 1475 1609 1514 sibi
1639 1477 1782 1524 postu-

172 1549 292 1593 ,lare
333 1560 510 1600 operam
523 1553 539 1589 ε’
576 1551 842 1600 singularem
887 1552 1004 1591 enim
1046 1553 1265 1601 quandam
1307 1553 1451 1592 inesse
1489 1554 1780 1603 venustatem,

201 1635 312 1675 quae
343 1636 370 1665 a
399 1626 570 1676 legente
601 1627 822 1667 observari
854 1630 1052 1679 nequeat,
1087 1629 1171 1668 nisi
1204 1640 1333 1678 saepe
1359 1630 1494 1669 bonos
1521 1630 1785 1679 spectaverit

203 1702 438 1743 histriones
458 1698 500 1749 ¹).
549 1704 639 1743 Aut
680 1705 894 1752 quomodo
936 1705 1093 1754 aliquis
1134 1716 1288 1745 versus
1330 1707 1676 1755 pronuntiandus
1725 1707 1783 1745 sit

202 1778 340 1828 docet,
373 1779 450 1818 aut
481 1780 649 1819 certum
679 1781 940 1820 vocabulum
972 1775 1075 1832 ἦθος
1106 1782 1264 1834 habere
1292 1782 1520 1822 admonet:
1550 1783 1607 1821 ibi
1634 1784 1783 1822 autem

203 1855 267 1894 sic
297 1855 415 1904 loqui
446 1855 580 1895 solet:
618 1857 908 1907 „moraliter”,
943 1857 1059 1896 sive:
1096 1868 1282 1908 „magna
1301 1857 1429 1898 'inest
1461 1859 1732 1898 moralitas.”

261 1932 384 1972 Nunc
421 1932 600 1972 demum
632 1933 846 1981 quomodo
878 1934 1085 1983 legendus
1117 1935 1175 1973 sit
1207 1935 1451 1974 Scholiasta
1482 1936 1781 1984 intelligimus.

203 2009 250 2048 Si
289 2009 391 2058 quid
427 2009 480 2048 de
511 2009 655 2057 aliquo
687 2010 895 2050 vocabulo
926 2011 1143 2050 subtiliter
1174 2022 1275 2051 eum
1308 2012 1537 2052 observare
1568 2013 1781 2063 videmuS‚

203 2097 290 2127 non
330 2097 427 2127 esse
469 2087 592 2126 nobis
629 2097 723 2126 rem
766 2098 866 2127 cum
898 2099 1071 2128 moroso
1105 2090 1234 2137 atque
1266 2090 1447 2129 obscuro
1479 2090 1782 2139 ludimagistro

202 2165 476 2214 reputemus;
505 2164 559 2203 ad
585 2164 775 2213 aliquem
803 2166 1026 2214 egregium
1053 2167 1258 2216 actorem,
1287 2177 1418 2215 quem
1435 2177 1564 2216 saepe
1581 2168 1783 2206 admirati

202 2250 369 2290 sumus,
419 2241 487 2280 cui
527 2250 657 2290 saepe
688 2241 944 2292 plausimus,
978 2243 1136 2291 quique
1168 2243 1237 2281 his
1268 2243 1464 2282 maxime
1498 2244 1556 2283 sit
1587 2244 1783 2293 partibus

203 2316 382 2357 idoneus
423 2318 646 2367 aptusque,
680 2319 875 2358 mentem
909 2320 1228 2370 convertamus,
1262 2320 1335 2358 ille
1367 2321 1581 2368 quomodo
1615 2321 1695 2360 hoc
1726 2321 1785 2360 sit

202 2393 462 2434 vocabulum
502 2396 860 2443 pronuntiaturus
902 2407 1186 2446 quaeramus;
1231 2398 1282 2436 de
1324 2408 1409 2446 qua
1449 2408 1496 2436 re
1536 2398 1609 2437 ubi
1647 2398 1784 2438 semel

204 2472 323 2511 certa
347 2470 472 2510 nobis
497 2472 669 2512 steterit
695 2473 924 2524 sententia,
954 2474 1086 2514 simul
1116 2485 1216 2514 vera
1241 2475 1465 2514 monuisse
1493 2475 1784 2515 Scholiastam

205 2557 504 2597 agnoscemus
1729 2550 1739 2555 “

263 2625 430 2664 Paucas
486 2635 587 2674 ergo
643 2625 736 2665 eius
788 2627 840 2665 de
887 2627 1237 2675 pronuntiatione
1285 2628 1623 2679 observationes,
1673 2640 1782 2678 quae

204 2701 400 2741 maxime
430 2701 736 2741 memorabiles
767 2703 1008 2753 videantur,
1038 2714 1094 2743 ex
1120 2704 1286 2753 ingenti
1313 2705 1619 2754 protrahamus
1648 2707 1780 2755 copia.

263 2777 395 2817 Andr.
444 2777 544 2816 360.
587 2777 735 2818 Davus
776 2779 908 2818 simul
951 2780 1228 2828 Pamphilum
1262 2780 1417 2820 herum
1450 2791 1580 2820 suum
1613 2783 1656 2821 et
1689 2782 1782 2821 eius

240 2946 264 2984 ¹)
283 2945 368 2983 Ergo
387 2945 450 2974 hoc
470 2947 792 2984 „pronuntiandum”
813 2947 946 2985 Belgice
965 2949 1015 2978 sic
1034 2946 1204 2979 vertatur:
1227 2950 1326 2987 „daar
1346 2949 1394 2980 zit
1412 2950 1498 2979 actie
1518 2950 1580 2980 in.'’
