2002 3464
1026 389 1110 427 234-

288 511 417 558 plicat
463 511 714 551 Scholiasta.
759 513 839 552 Sed
881 513 977 561 quis
1016 522 1206 561 unquam
1248 513 1310 552 sic
1349 514 1517 552 locutus
1559 515 1626 552 est
1656 513 1740 552 nisi
1770 497 1843 562 qui

287 587 468 636 putaret,
503 589 546 625 et
577 597 655 625 suo
687 588 777 627 iure
808 589 990 637 putaret,
1025 588 1166 627 maius
1198 589 1279 627 sibi
1311 589 1469 636 aliquid
1501 599 1596 627 esse
1628 589 1842 636 agendum

287 671 417 709 quam
446 662 622 700 anxiam
653 663 963 711 grammaticae
994 665 1319 712 praeceptorum
1350 664 1708 703 observationem.

346 810 399 849 Et
438 821 615 859 possum
647 812 808 850 multas
840 812 972 851 etiam
1004 813 1187 851 virtutes
1219 812 1514 860 virtutumque
1545 811 1706 850 similia
1735 810 1844 850 vitia

287 896 341 924 ex
373 897 455 925 uno
487 887 567 925 hoc
597 886 688 925 loco
720 887 919 935 proferre.
955 887 1035 925 Sed
1066 887 1172 926 haec
1203 886 1311 925 mihi
1342 887 1534 925 sufficere
1565 886 1764 925 videntur
1790 885 1844 926 ad

286 961 681 1010 demonstrandum,
730 961 771 999 id
818 963 927 1009 quod
973 962 1081 1000 mihi
1128 962 1299 1010 quidem
1341 963 1408 1000 est
1447 961 1841 1012 persuasissimum,

286 1046 422 1083 neque
464 1035 649 1074 Andriae
686 1036 966 1076 Menandreae
997 1037 1220 1086 prologum
1252 1047 1389 1084 neque
1420 1036 1664 1075 Perinthiae
1696 1036 1842 1074 actum

285 1111 471 1160 priorem
519 1122 614 1150 esse
659 1113 851 1160 potuisse
897 1114 990 1151 tam
1038 1113 1257 1162 egregium
1299 1123 1429 1160 quam
1470 1112 1576 1151 haec
1618 1112 1684 1150 est
1726 1111 1842 1151 senis

286 1187 510 1234 libertique
537 1187 781 1227 Terentiani
809 1188 1106 1227 confabulatio.
1135 1188 1276 1236 Atque
1303 1188 1372 1226 hic
1399 1187 1624 1226 Terentius
1650 1187 1694 1225 in
1721 1196 1772 1225 ea
1797 1193 1867 1226 re*

286 1262 338 1300 ab
380 1262 552 1300 auctore
594 1273 671 1302 suo
713 1264 872 1302 recedit
914 1274 1021 1311 quae
1052 1263 1353 1302 tantummodo
1387 1263 1439 1301 ad
1470 1262 1639 1302 fabulae
1670 1261 1843 1301 initium

285 1337 509 1385 pertineat.
557 1337 678 1377 Nunc
724 1338 775 1377 de
821 1339 956 1377 altera
1002 1339 1075 1377 illa
1117 1339 1402 1400 discrepantia
1443 1338 1691 1384 Terentium
1731 1340 1844 1380 inter

286 1413 649 1461 Menandrumque
696 1423 822 1462 agam
869 1415 997 1462 atque
1037 1414 1185 1452 lectori
1226 1414 1481 1462 persuadere
1513 1415 1696 1455 conabor
1726 1416 1787 1455 ita
1817 1425 1843 1455 a

286 1487 483 1527 Terentio
531 1489 752 1541 exemplar
798 1499 893 1528 esse
939 1490 1221 1528 immutatum
1266 1490 1314 1527 ut
1360 1499 1415 1528 ex
1455 1489 1599 1528 fabula
1638 1491 1842 1530 mediocri

286 1563 456 1611 egregia
485 1565 944 1613 praestantissimaque
976 1565 1186 1612 quaedam
1216 1566 1476 1604 nasceretur.

347 1637 547 1687 „Charini
588 1638 847 1687 Byrriaeque
888 1641 1123 1688 personae”
1157 1639 1397 1678 Scholiasta
1429 1640 1490 1679 ait
1523 1641 1593 1690 „in
1624 1642 1842 1682 Menandri

285 1714 447 1753 Andria
487 1724 571 1753 non
608 1716 751 1753 erant:
786 1715 947 1754 addidit
979 1726 1052 1754 eas
1084 1715 1351 1754 Terentius.”
1384 1715 1478 1754 Non
1508 1726 1610 1764 rogo
1641 1726 1755 1756 nunc
1783 1737 1843 1744 ——-

285 1788 327 1828 id
358 1789 409 1828 de
441 1799 523 1837 quo
554 1800 682 1828 nemo
713 1800 787 1838 pro
820 1792 935 1829 certo
967 1790 1180 1829 affirmare
1211 1790 1443 1838 quidquam
1474 1791 1612 1839 possit
1644 1814 1698 1819 —
1731 1792 1842 1831 unde
1896 1847 1901 1852 .

286 1874 359 1902 eas
400 1865 618 1903 sumserit.
658 1866 744 1904 Sed.
770 1876 879 1914 quae
909 1866 1038 1905 fuerit
1069 1866 1184 1904 illius
1216 1866 1498 1905 additamenti
1528 1866 1596 1905 vis
1628 1876 1842 1915 exponam

286 1940 604 1988 comparatione
636 1941 822 1988 quadam
854 1941 1131 1980 instituenda.

344 2015 471 2054 Pater
513 2016 686 2063 quidam
726 2017 821 2055 vult
861 2015 998 2056 filium
1034 2027 1162 2055 suum
1194 2016 1406 2065 virginem
1438 2017 1665 2067 quandam,
1701 2018 1841 2056 civem

284 2090 488 2140 Atticam,
522 2101 702 2130 uxorem
730 2092 904 2139 ducere;
932 2092 1039 2131 haec
1065 2092 1103 2130 ei
1129 2093 1218 2130 stat
1243 2092 1470 2131 sententia.
1498 2092 1557 2131 At
1581 2091 1695 2131 filius
1720 2092 1842 2132 illam

284 2176 370 2204 non
401 2166 507 2205 vult.
541 2166 704 2205 Tamen
735 2167 914 2205 simulat
939 2177 985 2206 se
1011 2167 1123 2215 patri
1148 2177 1315 2206 morem
1341 2167 1578 2215 gesturum.
1606 2168 1698 2206 Hoc
1724 2168 1840 2207 enim

286 2241 324 2279 ei
365 2241 638 2280 mendacium
671 2242 991 2281 commendavit
1021 2252 1173 2281 servus
1204 2242 1307 2280 dum
1338 2243 1485 2280 narrat
1514 2243 1694 2291 virginis
1725 2243 1841 2281 illius

283 2316 452 2364 patrem
483 2316 571 2355 iam
602 2326 783 2364 negasse
814 2327 861 2356 se
892 2316 1027 2356 filiam
1058 2328 1183 2356 suam
1215 2317 1428 2366 daturum,
1463 2317 1665 2365 quoniam
1692 2327 1840 2366 cogno—

284 2391 396 2429 verit
435 2401 641 2439 generum
682 2392 763 2430 sibi
805 2393 1069 2431 destinatum
1100 2393 1256 2431 habere
1288 2392 1487 2431 amicam.
1520 2391 1661 2440 Atque
1692 2392 1737 2432 in
1767 2392 1840 2432 illo

285 2467 623 2505 commendando
678 2467 901 2506 mendacio
957 2468 1037 2506 hoc
1091 2477 1197 2506 usus
1252 2468 1319 2506 est
1364 2477 1516 2506 servus
1562 2468 1838 2516 argumento:

288 2542 417 2590 „dum
461 2544 510 2580 tu
555 2543 784 2582 ducturum
830 2545 873 2582 te
919 2543 1111 2592 simulas,
1154 2553 1419 2590 uxoremque
1459 2543 1537 2582 tibi
1578 2542 1839 2582 destinatam

285 2616 385 2655 dare
425 2619 596 2656 recusat
635 2620 757 2667 pater
788 2620 892 2668 eius,
925 2619 1089 2658 interea
1120 2620 1233 2657 certe
1265 2619 1455 2656 invisum
1485 2618 1589 2657 illud
1619 2618 1838 2657 matrimo-

284 2693 406 2732 nium
447 2693 652 2743 differtur‚
691 2695 821 2742 tuque
853 2704 1029 2733 securus
1062 2693 1278 2732 amoribus
1310 2694 1396 2732 tuis
1427 2693 1510 2732 frui
1540 2694 1662 2742 potes
1693 2692 1836 2731 iucun-

285 2769 468 2816 damque
514 2768 634 2807 illam
676 2780 774 2807 cum
816 2770 954 2808 amica
995 2771 1072 2807 tua
1102 2769 1239 2807 vitam
1269 2769 1540 2817 producere.'’
1574 2768 1655 2806 Sed
1685 2777 1838 2816 parum

283 2844 475 2893 feliciter,
509 2843 644 2883 immo
675 2844 969 2883 infelicissime
1000 2844 1106 2883 haec
1132 2844 1323 2883 sollertia
1349 2844 1481 2883 cedit:
1510 2843 1838 2892 deprehenditur

284 2918 398 2956 servi
430 2918 563 2967 dolus,
596 2928 732 2966 neque
763 2918 996 2967 quidquam
1026 2918 1114 2957 iam
1144 2919 1280 2957 restat
1311 2928 1442 2966 quam
1471 2919 1520 2957 ut
1549 2917 1837 2957 invitissimus
