2002 3464
985 387 1066 426 112

242 511 436 550 codicum
477 513 678 550 naturam
720 523 974 561 cognoscere
1012 513 1129 563 velit,
1169 514 1399 554 dummodo
1433 524 1688 563 persuasum
1719 514 1801 558 Sibi

241 587 397 626 habeat
438 587 606 626 nullum
648 598 838 636 unquam
879 588 1022 627 locum
1063 589 1144 628 hac
1184 590 1348 629 ratione
1381 601 1475 629 esse
1508 591 1798 641 emendatum,

240 663 407 701 nullum
438 663 618 711 posthac
648 663 867 702 sublatum
899 664 950 702 iri
981 664 1150 703 vitium.

303 733 644 789 „Scholiastam”
687 741 833 779 autem
875 751 1046 789 semper
1085 741 1228 780 virum
1269 742 1391 781 illum
1435 743 1655 792 egregium
1686 743 1799 782 dixi:

239 815 491 863 pervulgato
517 815 672 855 Donati
698 816 872 855 nomine
899 817 963 856 uti
990 827 1121 856 ausus
1146 828 1231 857 non
1257 828 1378 857 sum:
1406 818 1494 857 iam
1522 819 1638 857 enim
1655 818 1800 858 animo

239 891 541 939 praevidebam
583 892 699 930 viros
741 892 887 931 doctos
929 892 1001 940 qui
1037 893 1208 941 agmine
1249 894 1361 933 facto
1403 895 1447 933 in
1487 905 1559 933 me
1590 894 1802 933 irruerent

240 967 350 1014 quod
379 977 464 1006 non
490 967 754 1006 Euanthiurn
781 969 1003 1007 dixissem.
1033 969 1228 1008 Sciebam
1255 970 1536 1018 gravissimas
1562 969 1800 1008 multorum

239 1043 325 1081 iras
366 1043 543 1092 moveri,
588 1043 625 1081 si
667 1043 762 1091 quis
803 1043 1005 1083 Euanthii
1046 1044 1175 1095 illius‚·
1217 1055 1343 1093 (1116111
1380 1045 1640 1094 magistrum
1671 1054 1800 1083 suum

239 1118 341 1157 dicit
372 1118 552 1157 Rufinus
585 1119 649 1164 (de
676 1120 801 1158 metr.
831 1123 968 1170 com.)‚
997 1121 1209 1159 rationem
1235 1131 1321 1159 non
1346 1121 1534 1160 haberet.
1562 1120 1674 1160 Huic
1700 1130 1800 1169 ergo

241 1194 508 1233 Scholiorum
550 1194 902 1234 Terentianorum
946 1195 1129 1235 alteram
1170 1196 1250 1246 hic,
1290 1196 1360 1235 ille
1397 1196 1579 1235 alteram
1610 1196 1800 1235 vindicat

237 1271 418 1319 partem,
462 1270 602 1319 hique,
647 1271 757 1318 quod
797 1269 890 1309 fieri
930 1271 1040 1310 solet
1081 1271 1124 1309 in
1165 1272 1292 1310 rebus
1323 1271 1482 1319 nullius
1512 1270 1725 1310 momenti
1757 1272 1801 1310 et

239 1356 346 1393 quae
374 1346 489 1384 certo
517 1346 618 1384 sciri
644 1346 845 1394 poterunt
870 1356 1103 1395 nunquam⁷
1123 1346 1437 1385 internecivum
1454 1347 1566 1385 inter
1582 1357 1628 1385 se
1645 1347 1800 1395 gerunt

237 1421 410 1460 bellum.
444 1421 536 1459 Hoc
562 1431 697 1459 unum
725 1422 894 1460 constat
921 1422 1280 1460 commentarium
1307 1422 1430 1460 illum
1457 1422 1509 1460 ad
1535 1422 1796 1472 Terentium,

238 1497 308 1544 qui
351 1496 505 1534 Donati
544 1496 672 1544 vulgo
704 1497 870 1545 dicitur,
904 1497 956 1535 ab
987 1507 1071 1535 uno
1103 1497 1277 1536 homine
1309 1497 1437 1536 scribi
1468 1508 1553 1537 non
1582 1498 1796 1547 potuisse:

237 1572 498 1620 farraginem
541 1582 636 1610 esse
672 1582 757 1610 non
789 1572 959 1611 librum.
992 1573 1164 1611 Primus
1195 1573 1455 1621 indigestam
1486 1573 1606 1612 1113111
1636 1573 1798 1612 molem

238 1648 478 1686 admirabili
510 1647 721 1686 industria
752 1658 889 1695 neque
915 1648 1080 1686 minore
1108 1648 1301 1686 doctrina
1326 1648 1394 1686 his
1421 1648 1545 1687 annis
1571 1648 1797 1697 perlustra-

237 1724 300 1761 vit
330 1723 397 1761 vir
427 1723 717 1771 peritissimus
748 1723 1194 1771 prudentissimusque
1220 1723 1270 1762 R.
1300 1722 1550 1762 Sabbadini:
1579 1723 1798 1772 ingentem

236 1809 465 1836 numerum
509 1799 715 1847 codicum,
765 1799 918 1846 quibus
965 1799 1207 1837 continetur
1253 1799 1338 1848 illa,
1383 1798 1495 1838 inter
1526 1809 1572 1838 se
1604 1799 1796 1850 contulit,

236 1874 407 1912 illorum
464 1874 691 1913 historiam
749 1875 1013 1923 conscripsit,
1068 1875 1248 1923 denique
1295 1876 1346 1914 de
1392 1876 1526 1914 totius
1571 1875 1799 1924 farraginis

237 1950 398 1998 origine
445 1951 572 1998 atque
621 1950 866 1989 auctoribus
913 1951 1102 1989 instituit
1149 1952 1458 1999 quaestionem.
1508 1951 1577 1990 Sic
1622 1951 1798 1990 tandem

236 2025 462 2073 aliquando
489 2026 600 2064 hanc
626 2026 708 2064 sibi
734 2026 985 2065 informavit
1011 2027 1273 2066 sententiam
1299 2028 1366 2065 vir
1381 2027 1795 2076 praestantissimus„

237 2110 367 2148 quam
399 2101 606 2150 singulari
638 2101 826 2140 defendit
857 2102 1077 2140 acumine:

296 2175 605 2215 Commentarii
637 2178 785 2215 auctor
815 2178 1019 2225 paterque
1052 2187 1163 2215 unus
1195 2178 1262 2215 est
1291 2177 1506 2225 Donatus;
1534 2178 1796 2217 Euanthium

235 2251 421 2290 missum
463 2252 602 2291 facere
643 2262 887 2300 possumus.
933 2252 1014 2291 Sed
1055 2252 1239 2291 accessit
1278 2252 1443 2291 Donato
1484 2253 1562 2302 vir,
1600 2253 1673 2300 qui
1705 2253 1797 2292 eius

236 2327 535 2366 annotationes
577 2328 620 2366 in
657 2328 829 2366 brevius
862 2328 1077 2366 contraxit
1107 2328 1308 2377 spatium,
1343 2338 1424 2375 quo
1456 2328 1620 2367 factum
1651 2329 1719 2367 est
1747 2329 1797 2367 ut

235 2413 362 2451 saepe
410 2403 462 2441 ad
504 2403 691 2455 aliquem
732 2413 908 2442 versum
948 2403 1015 2441 bis
1055 2403 1170 2441 idem
1211 2404 1466 2442 annotatum
1508 2403 1793 2455 inveniamus»,

235 2477 377 2516 verbis
408 2478 560 2517 leviter
587 2478 844 2517 immutatis.
873 2478 1033 2516 Deinde
1060 2477 1420 2516 commentarium
1447 2481 1661 2518 auxerunt
1675 2480 1795 2519 vario

235 2563 284 2591 ac
325 2554 556 2592 desultorio
598 2554 741 2592 labore
782 2553 910 2592 multi
942 2552 1015 2592 alii
1049 2552 1325 2591 Scholiastae.
1360 2552 1548 2602 Quorum
1578 2565 1690 2594 unus
1722 2565 1795 2594 eas

235 2628 407 2676 scripsit
448 2629 760 2678 annotationes,
804 2628 957 2676 quibus
998 2627 1190 2667 Donatus
1231 2628 1443 2667 refutatur
1480 2629 1666 2674 (initium
1696 2630 1795 2669 illae

235 2703 394 2742 habent
426 2714 451 2742 a
481 2704 658 2743 vocibus
685 2705 779 2743 sed
811 2715 931 2753 ego:
959 2704 1050 2753 ipse
1076 2702 1268 2742 Donatus
1296 2704 1346 2742 de
1373 2714 1419 2743 se
1446 2715 1617 2754 semper
1641 2705 1794 2754 plurali

234 2778 371 2817 utitur
412 2782 618 2826 numero).
662 2780 783 2818 Alter
825 2779 1060 2828 corrigendi
1097 2788 1227 2816 causa
1257 2779 1419 2818 addidit
1449 2780 1672 2830 quaedam,
1705 2790 1791 2819 am-

234 2853 448 2901 plificandi
500 2865 629 2893 causa
680 2855 798 2904 alter,
853 2855 960 2893 alter
1011 2853 1190 2900 denique
1241 2853 1346 2892 locis
1388 2865 1443 2893 ex
1482 2855 1615 2894 variis
1654 2855 1793 2904 poetis

201 2921 204 2924 ’
234 2929 596 2977 scriptoribusque
639 2940 664 2968 a
704 2929 869 2968 Donato
912 2929 1055 2968 citatis
1086 2939 1221 2967 unum
1252 2929 1449 2977 pluresve
1481 2930 1635 2969 adiecit
1666 2931 1793 2976 (hunc
