2002 3464
1032 392 1086 432 20

306 518 504 556 annotat:
546 517 621 565 „In
652 517 719 554 his
751 516 857 554 nihil
889 526 1039 555 servus
1070 517 1163 556 vult
1194 518 1278 556 nisi
1310 519 1482 557 coactus
1513 518 1652 557 facere
1684 518 1855 567 propter

307 593 515 630 maiorem
548 592 811 630 dominum.'’
846 591 935 639 Qua
967 592 1240 631 annotatione
1272 593 1390 631 verbi
1422 593 1740 641 imperandi
1766 593 1872 632 vim⁴

306 667 520 705 illustrare
561 667 666 715 vult,
709 666 997 714 lectoremque
1035 667 1262 706 admonere
1296 668 1489 706 consulto
1522 668 1602 706 hoc
1633 668 1763 707 verbo
1793 668 1859 707 uti

306 743 618 780 Parmenonem
649 742 697 779 ut
728 742 818 789 ipse
851 742 974 780 extra
1004 742 1240 789 periculum
1267 743 1335 791 sit,
1365 743 1402 780 si
1430 743 1595 790 quando
1624 742 1859 782 Phaedriae

305 819 426 865 pater
463 817 708 865 cognoverit
738 815 875 854 filium
906 827 1034 855 suum
1065 827 1157 855 rem
1189 818 1446 856 familiarem
1473 819 1643 866 propter
1672 807 1859 856 amicam

306 893 548 941 dilapidare.
584 893 665 930 Sed
696 892 826 930 nimis
859 903 957 930 cum
988 892 1225 940 pulvisculo
1257 893 1364 931 mihi
1395 893 1464 931 hic
1491 893 1662 940 quidem
1689 892 1858 941 singula

307 968 512 1006 vocabula
544 968 744 1005 excutere
776 967 925 1005 doctus
958 968 1271 1006 commentator
1302 968 1480 1016 videtur,
1516 957 1727 1015 siquidem
1754 967 1858 1022 illud

305 1043 569 1090 numquid
602 1042 755 1080 aliud
782 1042 1060 1090 imperas?
1087 1042 1193 1080 nihil
1221 1043 1287 1080 est
1308 1043 1390 1080 nisi
1422 1042 1620 1090 loquendi
1647 1041 1857 1090 quaedam

302 1117 498 1166 formula,
543 1128 625 1164 qua
657 1117 817 1155 domini
850 1117 1061 1164 imperata
1090 1117 1282 1155 facturus
1315 1117 1366 1155 ab
1400 1127 1448 1155 eo
1481 1117 1660 1156 discedit
1690 1125 1854 1155 servus.

361 1203 424 1231 vs.
455 1193 552 1231 214.
604 1193 783 1241 „Munus
800 1192 1023 1230 nostrum”
1045 1192 1118 1237 (ait
1135 1192 1356 1237 Phaedria)
1380 1175 1554 1241 „ornato
1571 1192 1726 1241 verbis5
1746 1191 1856 1240 quod

1120 1268 1316 1316 [poterisz
1350 1269 1393 1305 et
1424 1267 1546 1305 illum
1579 1267 1798 1311 aemulum

613 1344 756 1392 „Quod
787 1344 946 1392 poteris
979 1344 1029 1382 ab
1063 1354 1113 1382 ea
1143 1344 1332 1391 pellito.''

304 1420 439 1469 Quam
481 1419 662 1458 fideliter
703 1420 782 1458 hoc
812 1420 1015 1457 mandato
1047 1419 1249 1466 fungatur
1279 1419 1489 1457 Parmeno
1522 1429 1637 1468 mox,
1673 1429 1698 1457 a
1730 1418 1853 1457 Scho-

302 1496 430 1534 liasta
471 1496 691 1543 admoniti,
725 1495 979 1533 videbimus.
1017 1495 1213 1543 „Interea
1245 1495 1349 1542 ego”
1384 1494 1445 1532 sic
1477 1495 1615 1542 pergit
1646 1493 1855 1533 Phaedria

307 1582 404 1619 „rus
446 1572 513 1609 ibo
556 1572 598 1608 et
639 1572 781 1608 totum
812 1570 892 1608 hoc
923 1570 1100 1607 biduum
1133 1569 1190 1607 ibi
1222 1569 1446 1607 manebo.'’
1480 1569 1538 1607 At
1569 1579 1720 1608 servus
1750 1569 1853 1608 hero

302 1647 569 1694 prudentior:
608 1655 717 1693 „non
748 1646 840 1683 tam
873 1645 943 1682 diu
975 1645 1074 1682 hinc
1106 1645 1256 1683 abesse
1287 1644 1489 1692 poteris.'’

444 1722 579 1770 „Nam
612 1722 686 1759 aut
717 1721 832 1759 iam'’
867 1721 906 1765 (i.
927 1731 960 1759 e.
995 1721 1159 1765 statim)
1198 1721 1451 1768 „revortere‚
1486 1720 1560 1758 aut
1590 1730 1695 1759 mox
1725 1721 1852 1758 noctu

1065 1796 1122 1841 [te
1155 1795 1297 1843 adiget
1328 1796 1505 1842 horsum
1537 1795 1792 1834 insomnia.”

303 1873 546 1921 Respondet
576 1872 727 1910 herus:

393 1949 507 1996 Opus
538 1948 707 1995 faciam,
741 1948 790 1984 ut
821 1947 1026 1995 defetiger
1057 1957 1204 1995 usque,
1239 1946 1434 1994 ingratiis
1465 1947 1514 1984 ut
1545 1946 1754 1985 dormiam

303 2026 345 2062 et
377 2034 549 2062 servus:
587 2022 810 2071 „vigilabis
841 2022 995 2070 lassus,
1030 2022 1109 2060 hoc
1139 2022 1235 2070 plus
1266 2022 1440 2060 facies.'’

301 2099 383 2137 Hic
422 2099 553 2137 'verba
598 2099 702 2146 „hoc
743 2098 838 2146 plus
879 2098 1037 2136 facies”
1081 2098 1142 2135 sic
1184 2098 1428 2145 accipienda
1468 2107 1562 2135 esse
1594 2096 1774 2135 arbitror
1803 2097 1853 2135 ut

301 2174 425 2222 plus
452 2174 631 2212 facies
658 2174 715 2211 sit
742 2173 1038 2221 proficies3
1067 2171 1280 2220 significat
1302 2183 1423 2220 ergo:
1446 2173 1641 2220 „tantum
1657 2170 1851 2220 proficies
1903 2216 1908 2220 ⁴

302 2250 345 2287 et
376 2249 435 2287 nil
468 2249 695 2297 amplius.'’
1266 2234 1268 2236 ,

361 2323 516 2362 Contra
547 2325 648 2362 hero
681 2325 769 2362 stat
801 2324 1036 2371 sententia;
1071 2323 1142 2371 qui
1175 2323 1218 2361 et
1249 2323 1344 2361 aliis
1376 2322 1517 2361 verbis
1544 2322 1850 2361 obduraturum

300 2409 346 2436 se
378 2399 599 2446 profitetur
631 2401 673 2437 et
704 2399 771 2437 his
805 2401 881 2444 (vs.
918 2399 1038 2443 223):
1756 2437 1759 2442 ,

360 2473 550 2512 Tandem
576 2485 661 2512 non
688 2484 764 2522 ego
792 2474 911 2512 illam
935 2483 1116 2521 caream,
1136 2473 1173 2511 si
1190 2473 1248 2511 sit
1265 2482 1369 2520 opus
1385 2472 1454 2510 vel
1471 2473 1612 2510 totum
1628 2472 1849 2510 triduum?
1888 2493 1891 2495 Δ

299 2550 424 2588 Ridet
455 2560 554 2588 eum
585 2559 736 2588 servus
768 2549 933 2587 dicens:

1360 2622 1446 2661 Hui

623 2699 886 2737 Univorsum
918 2698 1131 2736 triduum!
1165 2675 1261 2735 vide
1294 2697 1392 2744 quid
1425 2708 1541 2745 agas.

300 2776 381 2814 Hic
436 2775 661 2813 verissime
719 2774 957 2812 Scholiasta
1008 2774 1150 2812 docet:
1203 2772 1361 2820 „Vide
1409 2773 1537 2820 quid
1584 2781 1736 2820 agas:
1784 2771 1846 2810 sic

301 2852 453 2889 dicitur
484 2861 643 2898 magna
674 2849 1060 2897 aggredientibus.”

360 2926 551 2963 Profecto
578 2925 797 2974 Phaedria,
828 2934 978 2962 servus
1005 2924 1106 2961 dum
1128 2923 1245 2961 solus
1262 2933 1409 2961 secum
1426 2923 1607 2961 miratur
1623 2921 1844 2959 dominum
