2002 3464
1027 378 1087 416 40

818 592 964 631 Acrus
996 592 1058 630 III
1091 593 1232 631 SGENA
1264 594 1302 632 3.

333 728 522 766 Vixdum
579 727 640 765 illi
697 729 799 766 sunt
850 728 1027 776 profecti
1075 738 1173 767 cum
1221 727 1425 767 Chremes
1471 729 1656 778 advenit,
1704 739 1833 777 quem

274 803 472 841 iuvenem
506 782 563 840 'ad
595 812 641 840 se
674 802 958 841 arcessiverat
990 803 1131 852 Thais,
1166 804 1214 841 ut
1245 804 1444 853 puellam,
1478 814 1607 851 quam
1640 815 1665 843 a
1695 804 1833 844 milite

274 879 388 917 esset-
440 879 677 926 acceptura,
728 878 767 916 ei
812 878 1011 926 traderet,
1062 860 1180 916 cum'
1207 878 1321 917 illius
1368 889 1467 917 eum
1512 879 1690 918 fratrem
1736 889 1832 919 esse

272 954 442 1002 putaret
488 954 531 992 et
577 953 667 991 iure
709 954 892 1002 putaret.
933 953 991 992 At
1033 953 1102 992 1110
1146 963 1220 992 0111
1262 954 1390 992 fuerit
1430 955 1608 993 vocatus
1650 956 1693 994 et
1732 955 1832 1003 quid

273 1030 446 1068 omnino
488 1030 569 1068 sibi
611 1030 741 1068 Thais
782 1030 888 1068 velit
924 1030 1104 1068 minime
1138 1030 1351 1078 intelligit.
1386 1030 1541 1069 Secum
1573 1040 1672 1079 ergo
1704 1030 1755 1069 de
1786 1041 1832 1069 re

273 1105 346 1143 illa
377 1105 556 1144 obscura
581 1115 689 1152 quae
717 1105 797 1143 sibi
824 1105 882 1143 sit
908 1105 1050 1144 oblata
1077 1105 1278 1153 disputat.
1309 1105 1389 1144 sed
1415 1115 1523 1152 quae
1550 1105 1619 1144 ille
1646 1106 1833 1153 loquitur

272 1190 401 1228 quam
443 1181 627 1219 venusta
663 1180 762 1230 sint,
796 1190 926 1227 quam
958 1180 1064 1218 bene
1098 1181 1278 1227 apteque
1309 1179 1478 1228 singula
1508 1180 1595 1219 sint
1625 1180 1833 1220 vocabula

272 1255 418 1304 electa,
459 1256 502 1294 et
532 1257 693 1303 quanta
725 1256 815 1294 arte
848 1256 940 1294 tota
971 1255 1045 1293 illa
1078 1254 1318 1294 Chremetis
1350 1265 1532 1303 persona
1562 1256 1621 1294 511
1651 1255 1829 1311 depicta,

272 1330 347 1368 vix
389 1332 432 1369 01
463 1341 516 1370 110
547 1331 624 1369 vix
657 1331 828 1378 quidem
860 1314 1210 1380 intelligeremus,
1245 1330 1330 1368 nisi
1361 1331 1406 1368 in
1436 1332 1628 1379 tempore
1659 1332 1831 1379 praesto

273 1405 394 1444 nobis
437 1407 552 1444 05501
594 1406 790 1454 egregius
828 1406 899 1444 ille
931 1407 1190 1454 praeceptor,
1227 1405 1477 1444 Scholiasta.
1511 1406 1554 1444 Is
1586 1405 1702 1444 enim
1732 1405 1832 1445 huic

272 1490 426 1519 scenae
457 1481 584 1519 breve
616 1481 696 1520 hoc
727 1481 951 1529 praemisit
981 1481 1218 1519 monitum:

336 1556 479 1604 „Haec
519 1567 702 1604 persona
743 1557 853 1605 apud
895 1556 1173 1595 Menandrum
1215 1556 1364 1595 rustici
1406 1556 1689 1595 adolescentis
1719 1557 1828 1595 est.’'

272 1631 364 1670 Non
407 1642 456 1670 00
497 1632 671 1670 00051110
714 1632 794 1670 1100
830 1632 992 1670 dictum
1024 1631 1146 1678 quasi
1178 1631 1301 1670 aliter
1331 1631 1437 1669 haec
1468 1630 1708 1670 Chremetis
1739 1642 1827 1680 per-

271 1717 377 1745 sona
419 1717 444 1745 a
485 1706 682 1745 Terentio
725 1706 782 1744 sit
823 1706 990 1754 depicta
1021 1706 1148 1753 atque
1180 1715 1205 1744 a
1236 1706 1477 1755 Menandro,
1511 1706 1586 1744 sed
1616 1705 1830 1755 significat

271 1782 381 1820 hanc
423 1782 706 1820 adolescentis
747 1782 896 1820 rustici
938 1791 1166 1829 personam
1209 1791 1234 1819 a
1275 1781 1473 1820 Terentio
1515 1791 1569 1819 ex
1610 1781 1829 1820 Menandri

270 1857 473 1895 Eunucho
505 1858 727 1905 sumptam
760 1867 866 1906 esse,
896 1867 981 1895 non
1009 1857 1191 1906 aliunde,
1220 1858 1269 1894 ut
1294 1856 1480 1895 militem
1507 1857 1550 1894 et
1575 1856 1826 1904 parasitum.

269 1931 378 1980 Ergo
434 1934 483 1970 ut
538 1932 668 1970 verba
714 1932 911 1979 factaque
959 1931 1198 1970 Chremetis
1244 1932 1350 1970 bene
1397 1931 1701 1981 intelligamUS,
1748 1931 1830 1971 hoc

268 2007 503 2045 tenendum
552 2030 605 2034 —
649 2008 776 2054 atque
819 2007 925 2045 haec
967 2007 1033 2045 est
1073 2007 1208 2045 totius
1250 2007 1561 2045 observationis
1602 2006 1828 2054 praecipua

270 2093 369 2130 pars
414 2105 467 2109 —
511 2083 722 2121 rusticum
769 2093 863 2121 esse
911 2083 1227 2121 adolescentem
1274 2082 1560 2121 Chremetem.
1608 2082 1702 2120 Iam
1747 2081 1828 2120 hoc

268 2159 455 2197 hominis
497 2159 621 2207 longe
663 2159 715 2197 ab
757 2159 860 2197 urbe
900 2159 1100 2208 viventiS,
1140 2160 1232 2197 tam
1265 2158 1414 2197 multis
1445 2158 1587 2196 verbis
1618 2168 1743 2196 suam
1775 2158 1826 2197 de

268 2234 362 2272 dolo
409 2235 524 2273 malo
572 2234 856 2282 suspicionem
907 2233 1168 2282 significare:
1217 2234 1441 2282 „profecto,
1487 2234 1644 2280 quanto
1686 2234 1826 2282 magis

267 2310 492 2357 magisque
525 2309 676 2359 cogito,
710 2310 916 2347 nimirum
931 2310 968 2346 :’'

324 2395 388 2422 vs.
423 2385 520 2423 509.
647 2385 739 2432 „Ita
770 2395 841 2422 me
871 2384 994 2422 video
1027 2384 1078 2422 ab
1113 2394 1163 2422 ea
1195 2386 1336 2422 astute
1369 2383 1704 2423 labefactarier''.

265 2459 438 2498 Labef
448 2461 639 2498 actare
681 2459 924 2507 legitimum
961 2460 1141 2497 verbum
1175 2460 1242 2498 est
1273 2459 1322 2497 de
1355 2469 1403 2497 eo
1435 2458 1507 2506 qui
1538 2469 1563 2497 a
1594 2459 1824 2498 severitate

265 2535 317 2573 ad
350 2534 587 2581 nequitiam
618 2534 874 2582 perducitur.

324 2619 387 2647 vs.
424 2610 521 2647 511.

386 2684 548 2732 „Roget
580 2684 696 2731 quis:
731 2684 830 2731 quid
862 2684 939 2722 tibi
972 2694 1070 2722 cum
1103 2684 1206 2722 illa?
1238 2694 1291 2721 00
1323 2694 1473 2722 noram
1506 2684 1720 2731 quidem.”

263 2759 397 2797 Audis
449 2759 517 2797 hic
563 2759 763 2797 iuvenem
810 2759 1102 2797 subrusticum
1148 2758 1379 2796 mirantem
1428 2759 1498 2806 qui
1544 2759 1820 2798 mulierculae

262 2834 527 2872 innotescere
554 2834 751 2882 potuerit.
782 2833 970 2872 Chaerea
997 2834 1155 2881 contra,
1185 2833 1372 2871 urbanus
1395 2844 1444 2872 ac
1461 2834 1673 2883 militaris,
1692 2834 1818 2874 mira-

263 2910 334 2947 tur
367 2911 442 2954 (vs.
479 2910 576 2954 360)
611 2909 719 2957 quod
751 2909 957 2948 Thaidem
990 2908 1179 2948 nondum
1211 2908 1376 2948 viderit.
