2002 3464
876 396 928 438 19

652 542 799 582 Acriis
830 542 871 580 II
905 543 1048 581 SCENA
1085 542 1120 581 1.

163 669 258 709 Iam
298 668 492 708 abiturus
530 669 601 707 rest
641 668 851 707 Phaedria
891 678 967 716 per
997 668 1176 707 biduum
1219 691 1272 696 —
1307 670 1670 717 quemadmodum

103 745 272 795 rogavit
297 745 428 784 Thais
457 767 508 773 —
538 755 739 784 cessurus
765 745 908 783 militi.
937 744 1134 793 Dumque
1162 740 1318 797 stat'in
1333 746 1483 785 limine
1500 747 1673 786 aedium

103 830 282 861 suarum
308 821 466 860 anxius
492 821 800 871 sollicitusque,
829 821 1146 860 Parmenonem
1174 822 1378 860 admonet
1405 822 1477 861 det
1498 833 1673 872 operam

102 898 153 938 ut
182 897 236 938 ad
266 897 475 938 Thaidem
507 898 772 937 deducantur
803 897 1035 936 Eunuchus
1068 898 1111 936 et
1143 898 1299 937 ancilla
1330 899 1464 948 nigra,
1499 909 1606 948 quos
1634 900 1672 938 ei

101 974 372 1024 promiserat.
407 973 598 1022 Tamque
630 974 776 1013 crebro
809 974 990 1013 eandem
1022 983 1115 1012 rem
1149 975 1424 1013 commendat
1455 986 1593 1025 servo,
1628 978 1676 1014 ut

103 1049 175 1089 ille
207 1050 260 1089 ad
292 1051 540 1090 extremum
572 1050 709 1089 iratus
741 1050 911 1099 roganti
943 1050 1046 1089 hero
1080 1052 1157 1096 (vs,
1194 1051 1315 1097 208):

533 1126 656 1165 Satin
687 1127 768 1166 hoc
800 1127 1103 1166 mandatumst
1138 1127 1248 1166 tibi?

102 1203 380 1253 respondeat:

674 1280 754 1330 Ah,
788 1280 974 1329 rogitare
1007 1281 1129 1328 quasi
1162 1280 1331 1319 dIfficile
1363 1280 1434 1320 sit.

280 1355 462 1396 Utinam
493 1357 586 1395 tam
618 1356 779 1404 aliquid
810 1356 1004 1395 invenire
1036 1356 1161 1395 facile
1193 1356 1346 1406 possis,
1380 1356 1602 1406 Phaedria,

282 1431 420 1482 Quam
451 1432 532 1471 hoc
562 1432 729 1481 peribit.

105 1507 366 1548 Parmenoni
399 1509 516 1548 enim
549 1509 633 1559 qui,
665 1511 712 1548 ut
739 1509 942 1559 vidimus,
973 1509 1182 1548 Thaidem
1210 1509 1460 1559 contemnit,
1481 1491 1673 1558 despicit,

75 1584 194 1624 *odit
226 1585 293 1631 (cf.
328 1585 428 1624 ante
462 1585 609 1624 omnia
640 1596 704 1625 vs.
743 1586 849 1624 123:
882 1585 978 1635 „hic
1005 1596 1171 1634 quoque
1198 1586 1357 1625 bonam
1383 1596 1675 1634 magnamque

104 1661 275 1710 partem
303 1661 356 1700 ad
382 1662 426 1701 te
449 1661 640 1711 attulit’',
664 1672 858 1710 quaeque
876 1662 927 1701 de
946 1662 1018 1700 illo
1036 1672 1166 1701 versu
1183 1661 1513 1700 observavimus
1530 1672 1569 1710 p.
1593 1662 1673 1710 11),

105 1735 308 1786 quidquid
355 1737 507 1777 Thaidi
555 1737 686 1777 herus
729 1738 802 1777 dat
844 1738 1020 1787 perdere
1063 1738 1134 1777 ille
1176 1718 1359 1777 videtur.
1394 1737 1502 1777 Cum
1534 1737 1675 1786 lepida

105 1822 206 1862 ergo
253 1814 298 1853 et
338 1813 518 1853 ridicula
559 1813 793 1852 acerbitate
835 1823 934 1862 pro:
983 1814 1062 1863 „ad
1104 1813 1312 1852 Thaidem
1356 1814 1471 1852 istud
1512 1814 1672 1852 donum

104 1889 355 1938 perveniet”
399 1889 524 1928 dicit:
562 1889 670 1938 „hoc
699 1889 897 1938 peribit.'’
932 1888 992 1928 Of.
1027 1889 1166 1928 Plaut.
1201 1889 1323 1928 Truc.
1358 1889 1411 1939 II,
1448 1890 1486 1939 7,
1525 1890 1601 1929 16:

283 1965 560 2004 meretricem
601 1975 678 2014 ego
721 1965 783 2004 ita
825 1975 921 2004 esse
963 1976 1059 2004 reor
1095 1976 1216 2004 mare
1249 1966 1298 2004 ut
1330 1967 1419 2004 est:
1454 1966 1565 2013 quod
1597 1966 1673 2004 des

223 2041 402 2081 devorat
432 2052 512 2081 nec
543 2052 735 2090 unquam
778 2039 782 2093 Ι
826 2042 1042 2080 Abundat.

105 2118 150 2157 et
189 2117 288 2158 Tac.
330 2113 444 2158 His't.
488 2117 520 2168 I,
565 2118 621 2158 30
659 2118 724 2164 (de
768 2118 973 2165 Othone):
1021 2118 1222 2167 „perdere
1255 2117 1337 2157 iste
1366 2117 1486 2168 sciet,
1516 2119 1673 2157 donare

96 2193 311 2237 nesciet?
721 2239 723 2242 ¹

162 2270 393 2312 Praeterea
442 2271 524 2311 hoc
563 2271 793 2311 verissime
836 2272 1016 2311 annotat
1059 2271 1322 2310 Scholiasta:
1371 2271 1675 2321 „Phaedria

105 2343 259 2398 ἠθικῶς
305 2346 604 2397 interiectum3
652 2349 802 2388 monet
849 2348 965 2387 enim
1008 2358 1161 2406 seryus
1203 2347 1244 2386 id
1287 2349 1397 2396 quod
1439 2348 1674 2386 Phaedriae

105 2416 454 2473 inexspectatum
486 2435 582 2464 esse
613 2425 778 2474 putet.”
1731 2404 1739 2409 “

165 2492 397 2540 Flebiliter-
413 2501 544 2540 herus
576 2501 828 2550 respondet:

372 2577 459 2626 Ego
492 2587 659 2626 quoque
690 2587 777 2616 una
808 2587 935 2626 pereo
968 2577 1079 2625 quod
1111 2577 1265 2616 mihist
1297 2578 1451 2616 carius.

374 2652 438 2692 Ne
468 2653 582 2692 istuc
613 2654 706 2692 tam
738 2653 883 2702 iniquo
916 2653 1081 2701 patiare
1115 2653 1273 2692 animo.

107 2727 219 2767 Tum
256 2729 676 2779 servus:·„minime
709 2730 780 2778 qui
812 2729 1017 2768 effectum
1049 2729 1178 2768 dabo:
1212 2729 1287 2768 sed
1319 2730 1528 2778 numquid
1560 2729 1675 2768 aliud

108 2805 358 2854 imperas?”
382 2805 462 2844 Pro
491 2806 582 2854 qui
609 2806 883 2845 effectum
911 2805 1132 2853 Bentlej'us
1150 2806 1282 2853 quin
1308 2806 1545 2855 factum,
1566 2815 1674 2853 quae

107 2880 236 2920 lectio
282 2881 396 2920 haud
443 2882 567 2921 dubie
608 2884 802 2931 praestat
843 2882 1059 2931 vulgatae,
1099 2891 1229 2930 quam
1262 2881 1501 2930 intelligere
1533 2882 1677 2930 potest

83 2940 250 2997 nemo.
284 2959 350 2997 Ad
383 2958 514 2997 verba
545 2959 640 2997 sed
672 2959 940 3006 numquid
973 2959 1126 2997 aliud
1159 2958 1407 3006 imperas
1436 2958 1677 2996 Scholiasta
