2002 3464
1009 379 1063 418 72

255 505 455 553 callidior,
490 504 560 552 qui
592 503 724 541 nollet
751 502 966 551 egregiam
994 504 1259 543 comoediam
1285 504 1391 542 nihil
1416 504 1559 543 valere
1587 505 1638 544 ad
1665 515 1807 544 mores

255 583 555 622 emendandos,
589 581 809 620 Eiusmodi
841 581 1067 620 consilium
1094 581 1182 620 iam
1207 581 1374 620 invenis
1401 582 1444 619 in
1472 580 1652 619 Scholiis
1679 580 1731 619 ad
1751 580 1804 631 Π,

254 661 291 708 3,
327 659 382 696 90
415 668 504 705 sqq.

311 735 472 772 Versus
505 734 587 771 941
623 743 709 781 sq.:

434 807 438 811 “
487 809 574 857 Ego
606 808 675 857 pol
706 810 749 847 te
781 818 856 857 pro
889 809 985 847 istis
1017 809 1142 847 dictis
1175 810 1217 847 et
1248 809 1385 858 factis,
1421 809 1561 847 scelus

486 884 691 933 Ulciscar,
727 885 774 923 ut
805 894 858 922 ne
890 884 1046 932 inpune
1078 885 1122 922 in
1148 895 1225 926 nos
1253 884 1450 923 illuseris.

252 959 488 1008 (Pythiadis
521 970 571 998 ea
602 959 732 998 verba
763 960 876 1004 sunt)
909 959 1047 998 multo
1078 959 1235 998 melius
1268 960 1319 998 ad
1352 960 1597 1009 923—925,
1625 969 1806 1007 quorum

249 1036 429 1074 ultimus
461 1036 548 1073 est:

428 1110 641 1160 Quantam
673 1111 717 1148 et
748 1119 878 1158 quam
910 1119 1059 1148 veram
1090 1109 1262 1148 laudern
1295 1110 1433 1158 capiet
1464 1110 1674 1148 Parmeno

250 1187 490 1226 referuntur
517 1196 647 1234 quam
675 1185 727 1224 ad
754 1185 885 1223 istam
914 1185 1261 1234 disputationem,
1285 1185 1329 1223 in
1346 1195 1429 1233 qua
1445 1185 1591 1224 omnia
1605 1185 1807 1234 languida

250 1264 293 1301 et
324 1262 488 1300 insulsa
519 1262 632 1299 sunt.
665 1260 850 1298 Versum
883 1261 967 1299 936
1002 1260 1089 1299 iam
1121 1259 1341 1308 Bentlejus
1372 1261 1565 1314 spurium
1592 1260 1804 1299 censebat.

308 1337 646 1376 Prudentissime
693 1336 744 1374 ad
791 1335 1015 1384 Pythiadis
1056 1335 1187 1374 verba
1227 1336 1354 1374 modo
1396 1335 1528 1374 citata
1568 1334 1808 1374 Scholiasta

250 1414 449 1452 annotat:
497 1412 626 1461 „Miro
669 1409 847 1450 artificio
888 1411 1066 1459 poetae’'
1111 1411 1151 1456 (i.
1170 1421 1205 1449 e.
1239 1411 1438 1460 Terentii,
1473 1411 1544 1458 qui
1575 1411 1656 1450 hac
1685 1411 1806 1459 parte

249 1488 468 1527 Menandri
500 1486 795 1525 oeconomiam
826 1486 1063 1524 festivitate
1096 1496 1175 1524 sua
1201 1496 1433 1525 exornasse
1461 1486 1698 1524 censendus
1725 1486 1804 1532 est)

252 1565 321 1613 „et
348 1563 399 1602 ab
426 1563 547 1602 initio
574 1573 658 1601 non
685 1562 877 1610 placatur
899 1561 1078 1610 Pythias
1095 1561 1233 1600 necin
1250 1562 1435 1610 gratiam
1452 1562 1562 1600 redit
1578 1561 1803 1602 Chaereae.

248 1640 300 1678 Et
340 1639 513 1687 insuper
553 1648 666 1676 nunc
706 1638 814 1676 mire
856 1647 881 1676 a
923 1637 1188 1676 Parmenone
1230 1636 1422 1675 irritatur
1463 1636 1615 1687 magis,
1653 1638 1702 1675 ut
1730 1647 1806 1686 per

251 1725 347 1753 earn
374 1715 584 1753 Parmeno
610 1714 822 1752 terreatur
850 1714 893 1751 et
918 1724 992 1761 per
1019 1713 1332 1751 Parmenonem
1349 1713 1512 1761 ingredi
1529 1713 1582 1752 ad
1598 1713 1805 1754 Thaidem

250 1792 424 1839 cogatur
470 1801 615 1839 senex,
666 1791 708 1828 et
749 1789 924 1827 demum
965 1799 1039 1837 per
1080 1799 1229 1827 senem
1270 1789 1444 1837 nuptiae
1487 1787 1803 1830 confirmentur.

247 1867 365 1905 Haec
412 1876 510 1914 ergo
558 1864 791 1904 artificibus
838 1866 881 1903 et
926 1864 1088 1914 peritiS,
1139 1865 1281 1903 cetera
1327 1863 1639 1913 spectatoribus
1679 1866 1806 1914 poeta

249 1942 465 1981 exhibet.’'

304 2017 587 2056 Perterritura
634 2027 732 2065 ergo
775 2016 1089 2054 Parmenonem
1132 2026 1280 2054 secum
1322 2016 1501 2064 Pythias
1541 2017 1804 2056 lamentatur

245 2095 296 2132 de
338 2093 470 2132 atroci
511 2102 556 2130 re
599 2102 728 2139 quam
761 2091 877 2130 intus
909 2090 1001 2129 fieri
1033 2091 1316 2139 conspexerit.
1350 2091 1403 2130 Et
1434 2091 1675 2140 alloquente
1706 2102 1803 2131 eam

245 2170 522 2217 Parmenone,
567 2177 695 2215 quern
727 2177 773 2205 se
805 2177 890 2205 non
920 2166 1064 2205 videre
1097 2167 1306 2205 hactenus
1338 2167 1640 2206 simulaverat:
1678 2167 1803 2216 „quid

243 2246 366 2294 istuc,
400 2243 611 2292 Pythias?
645 2242 743 2290 quid
776 2243 867 2281 ais’'
901 2242 1129 2290 respondet
1161 2244 1238 2287 (VS.
1273 2242 1355 2280 947
1390 2244 1519 2290 sqq.):

919 2317 1096 2365 Rogitas
1129 2317 1447 2356 audacissime?

359 2393 586 2433 Perdidisti
615 2394 749 2432 istum
777 2403 904 2441 quem
922 2393 1100 2431 adduxti
1116 2402 1191 2440 pro
1209 2392 1402 2430 eunucho
1420 2392 1799 2442 adolescentulum,

357 2470 469 2510 Dum
502 2472 651 2510 studes
683 2471 784 2509 dare
820 2470 948 2509 verba
978 2469 1112 2508 nobis.

240 2546 497 2585 Rectissime
534 2546 774 2585 Scholiasta
805 2546 1004 2584 annotat:
1043 2543 1297 2593 „artificiose
1330 2554 1414 2582 non
1446 2545 1621 2583 accusat
1651 2545 1751 2592 quid
1772 2540 1798 2590 ¹)

240 2622 481 2670 peccaverit
513 2622 718 2660 adversus
751 2620 970 2669 Thaidem,
1001 2619 1123 2668 quasi
1151 2629 1205 2658 ex
1232 2629 1367 2667 poena
1393 2619 1677 2658 adolescentis
1702 2619 1799 2668 plus

239 2697 380 2735 doleat
410 2707 540 2744 quam
571 2697 781 2735 irascatur
812 2694 1111 2734 Parmenoni.’'

297 2771 407 2809 Tum
453 2782 545 2810 rem
595 2771 731 2820 „mira
777 2770 980 2810 tarditate
1028 2770 1079 2809 ad
1125 2770 1409 2818 torquendum
1454 2769 1796 2809 Parmenonem”

274 2937 294 2973 ¹)
314 2937 347 2966 L.
370 2937 465 2975 quod.
