2002 3464
931 355 987 393 95

174 480 446 528 supervenit:
489 490 648 519 nornen
690 481 842 528 aptum
886 479 1149 529 imprudenti
1180 489 1326 519 rerum
1358 480 1487 528 atque
1519 479 1660 519 alieno
1693 479 1745 519 ab

175 563 326 596 earum
357 555 583 596 scientia.”

235 631 332 675 ΠΙ.
389 632 634 672 Admonere
682 632 889 671 lectorem
938 643 1161 681 nunquam
1207 632 1388 681 negligit
1434 634 1602 672 certum
1649 643 1746 672 esse

173 710 390 749 certorum
436 695 592 758 ‘apud'
638 708 887 747 Terentium
952 709 1182 748 verborum
1244 708 1526 757 breviumque
1587 708 1744 748 formu-

172 784 315 824 larum
356 784 556 824 colorem.
600 784 882 832 Praecipuam
925 784 1054 823 huius
1096 784 1315 823 doctrinae
1356 786 1526 833 partem
1558 785 1746 824 breviter

172 860 243 900 hic
297 859 535 910 proponam
591 862 635 900 et
690 862 902 909 quantum
960 871 1067 909 opus
1124 862 1191 900 est
1246 860 1484 900 illustrabo.
1534 860 1746 910 Quoniam

172 937 320 976 autem
353 935 450 975 aliis
481 936 587 975 locis
619 928 716 975 aliis
747 936 799 975 de
826 936 978 975 eadem
1005 947 1050 975 re
1077 936 1214 979 utitur
1240 936 1396 986 verbis,
1426 947 1599 985 semper
1625 936 1747 976 illam

172 1011 499 1052 annotationem
545 1010 746 1058 αὐτολεξεί
791 1011 931 1051 citabo
979 1012 1051 1051 ubi
1093 1012 1202 1050 mihi
1250 1012 1566 1052 disertissimus
1611 1013 1748 1053 fuisse

173 1087 416 1128 Scholiasta
445 1088 629 1128 videtur.
1584 1141 1591 1147 „

231 1163 503 1204 Putabam
534 1165 572 1203 is
599 1164 703 1204 dicit
728 1165 801 1213 qui
827 1166 969 1204 semet
995 1164 1166 1204 incusat
1192 1166 1304 1213 quod
1331 1165 1516 1214 turpiter
1545 1176 1592 1205 se
1609 1166 1747 1215 decipi

170 1250 328 1290 passus
358 1241 430 1280 sit.
813 1226 815 1229 ⁵

370 1317 490 1357 Haec
519 1328 598 1367 ego
629 1317 837 1366 putabam
869 1327 965 1356 esse
997 1317 1145 1356 omnia
1176 1317 1357 1356 humani
1390 1317 1538 1367 ingeni

371 1393 669 1443 Mansuetique
706 1393 842 1433 animi
874 1393 1026 1433 officia.

171 1468 234 1509 ita
274 1479 373 1509 cum
415 1470 582 1519 gemitu
618 1470 670 1509 de
702 1480 782 1509 sua
812 1471 961 1509 narrat
991 1470 1180 1509 stultitia
1212 1470 1330 1509 Simo
1366 1471 1511 1516 (Andr.
1551 1472 1633 1511 113
1667 1475 1746 1521 sq.)

159 1547 436 1595 annotatque
492 1546 756 1586 Scholiasta:
810 1542 1044 1596 „Putare
1091 1548 1158 1586 est
1205 1547 1297 1587 eius
1344 1547 1417 1596 qui
1466 1547 1747 1597 simplicitate

171 1622 358 1671 pectoris
389 1622 649 1662 oberravit.”

229 1698 366 1737 Atat
396 1697 616 1737 exclamat
646 1697 684 1736 is
715 1698 788 1746 qui
814 1698 1054 1747 intelligere
1082 1698 1232 1747 incipit
1258 1699 1545 1739 infortunium
1573 1700 1745 1749 aliquod

172 1773 248 1812 aut
277 1774 450 1822 praesto
482 1760 634 1812 adesse
665 1774 741 1812 aut
772 1774 1124 1828 appropinquare,
1162 1775 1225 1824 „A
1259 1785 1364 1814 cena
1396 1777 1509 1825 apud
1541 1777 1743 1827 militem,

171 1858 256 1897 quo
315 1849 365 1888 ut
410 1849 548 1888 abiret
593 1849 670 1887 vix
716 1851 783 1888 est
829 1850 1072 1900 perductus,
1121 1851 1327 1900 suspicax
1375 1844 1447 1892 iIle
1495 1853 1746 1893 adolescens

173 1923 379 1964 Chremes
411 1925 581 1965 rediens
611 1926 720 1964 haec
751 1936 902 1965 secum
933 1926 1118 1966 balbutit
1149 1927 1268 1972 (Eun.
1303 1928 1326 1966 7
1335 1928 1429 1974 27):

290 2002 396 2040 Atat
422 2001 524 2041 data
548 2001 691 2040 hercle
717 2002 849 2041 verba
874 2002 983 2041 mihi
1009 2004 1123 2052 sunt,
1153 2003 1259 2042 vicit
1284 2004 1437 2043 vinum
1465 2005 1577 2053 quod
1604 2005 1703 2045 bibi.

171 2076 232 2116 Ut
257 2077 392 2116 oculis
419 2087 520 2116 eum
546 2077 810 2126 aspiciamus
827 2079 1086 2127 auribusque
1105 2080 1333 2119 audiamus
1350 2080 1458 2120 haec
1478 2081 1745 2121 Scholiastae

171 2148 276 2192 facit
305 2153 550 2193 annotatio:
587 2154 748 2203 „Atat
778 2154 1018 2194 interiectio
1052 2157 1119 2195 est
1150 2157 1362 2205 paulatim
1393 2159 1583 2207 percepti
1616 2160 1746 2208 atque

174 2228 382 2268 intellecti
399 2228 562 2269 ‘mali.‘’
585 2225 611 2276 ¹)

231 2305 407 2345 Hodie
447 2315 543 2345 raro
584 2307 758 2355 tempus
791 2307 974 2347 indicat:
1008 2308 1262 2358 plerumque
1293 2315 1362 2360 τῆς
1394 2308 1599 2361 ἐμφάσεως
1631 2309 1745 2352 ἕνεκα

171 2381 342 2422 additur
388 2391 487 2421 cum
529 2382 685 2431 aliquis
727 2385 803 2422 aut
844 2384 1048 2435 minatur,
1093 2387 1170 2425 aut
1210 2386 1300 2426 fore
1332 2387 1493 2436 aliquid
1523 2389 1745 2428 factumve

172 2467 268 2497 esse
299 2467 375 2507 pro
408 2459 524 2498 certo
555 2458 743 2499 affirmat
773 2460 1106 2508 pertinaciterve
1138 2464 1280 2511 negat.
1312 2464 1391 2503 Ad.
1427 2464 1511 2504 215
1545 2465 1660 2504 male
1692 2465 1744 2504 ab

172 2533 491 2574 adolescentulo
537 2535 753 2575 Aeschino
799 2537 1018 2577 mulcatus
1067 2539 1164 2578 leno
1210 2540 1263 2578 ab
1306 2540 1422 2579 illius
1463 2551 1589 2581 servo
1630 2541 1744 2581 ultro

172 2611 401 2650 accusatur
446 2611 558 2659 quod
604 2612 736 2652 nimis
783 2613 914 2653 fuerit
960 2614 1218 2655 obstinatus.
1270 2616 1460 2666 „Morem
1507 2619 1550 2656 te
1596 2628 1744 2667 gerere

172 2685 435 2725 adolescenti
466 2687 682 2736 oportuit’'
715 2689 789 2729 ait.
824 2690 906 2729 Hic
937 2690 1055 2730 leno:
1275 2677 1280 2682 ⁸

365 2761 445 2811 Qui
476 2763 596 2811 potui
628 2764 797 2815 melius,
830 2766 904 2814 qui
936 2766 1062 2805 hodie
1094 2777 1230 2815 usque
1261 2778 1309 2807 os
1341 2769 1549 2817 praebui?

212 2932 232 2966 1)
253 2931 384 2967 Belgica
403 2932 535 2967 egregie
556 2932 639 2962 illud
658 2934 750 2963 atat
769 2935 856 2963 verti
874 2936 988 2971 potest
1004 2936 1248 2965 interiectione:
1268 2936 1494 2974 „dromme1s.”
