2002 3464
1003 404 1056 442 78

798 593 942 632 Acrus
973 593 1010 631 V
1043 594 1185 633 ScENA
1217 595 1256 633 8.

304 717 505 756 Exsultat
537 717 725 756 Chaerea
755 718 931 766 gaudio;
964 719 1235 768 Pamphilam
1262 731 1387 759 suam
1414 721 1554 759 civem
1580 721 1803 760 inventam

245 794 288 831 et
329 803 354 831 a
383 794 504 841 patre
536 793 617 831 sibi
648 803 853 841 sponsam
883 794 1140 833 Parmenoni
1170 796 1327 845 narrat,
1360 796 1506 834 fratris
1537 797 1676 835 totam
1707 806 1803 835 esse

245 868 474 916 Thaidem;
516 868 664 907 laudat
704 869 1017 908 Parmenonem
1053 870 1124 917 qui
1156 871 1352 920 suaserit,
1386 881 1433 910 se
1464 871 1536 919 qui
1568 881 1699 910 ausus
1730 870 1800 921 sit,

243 943 462 982 fortunam
504 954 612 992 quae
644 944 868 994 adiuverit,
901 946 1069 993 patrem
1102 946 1172 993 qui
1203 947 1295 984 tam
1326 947 1455 985 fuerit
1485 947 1636 986 facilis.
1669 946 1801 986 Paulo

243 1021 340 1067 post
356 1020 565 1058 Phaedria
582 1019 756 1069 accedit,
776 1030 857 1067 quo
875 1020 1006 1059 frater
1022 1021 1094 1059 ubi
1111 1021 1168 1059 sit
1179 1023 1367 1072 rogante,
1383 1021 1572 1061 Chaerea
1583 1021 1802 1061 exclamat

245 1097 321 1140 (vs.
354 1096 478 1140 1050)
510 1096 706 1153 „praesto
733 1095 948 1145 homost,”
967 1106 1075 1144 quae
1091 1079 1222 1135 verba
1239 1098 1421 1136 eundem
1437 1098 1598 1136 habent
1614 1098 1800 1137 colorem

244 1172 371 1218 atque
412 1171 515 1209 illud
556 1181 712 1210 nemo
754 1171 911 1210 homo
954 1173 997 1210 et
1037 1182 1193 1211 nemo
1225 1173 1533 1222 quisquam,
1567 1173 1677 1221 quod
1707 1174 1801 1212 tam

241 1247 441 1295 frequens
488 1248 599 1296 apud
645 1248 905 1287 Terentium.
953 1249 1085 1288 Audit
1131 1250 1236 1288 haec
1278 1251 1423 1289 omnia
1463 1250 1638 1300 Thraso,
1682 1250 1801 1290 audit

241 1324 462 1371 praeterea
493 1334 518 1362 a
545 1322 732 1362 Chaerea
758 1324 965 1362 Thaidem
991 1324 1168 1374 laudari,
1197 1335 1243 1363 se
1270 1325 1384 1363 foras
1412 1327 1487 1364 aut
1512 1326 1686 1374 pulsum
1711 1326 1799 1365 iam

242 1399 316 1436 aut
356 1399 529 1446 pulsum
572 1399 623 1437 iri
655 1398 876 1447 intelligit;
911 1399 1106 1438 obsecrat
1138 1400 1408 1439 Gnathonem
1439 1402 1487 1439 ut
1518 1401 1687 1449 aliquod
1718 1401 1800 1440 sibi

241 1474 516 1513 miseriarum
557 1475 756 1513 levamen
797 1474 1001 1524 inveniat,
1046 1476 1089 1513 et
1133 1475 1196 1523 „si
1228 1476 1447 1514 effeceris'’
1481 1477 1542 1515 ait
1573 1479 1638 1522 (vs
1673 1478 1798 1523 1055)

244 1550 318 1597 „ut
348 1549 551 1588 haeream
583 1550 626 1588 in
658 1551 779 1598 parte
811 1549 953 1597 aliqua
984 1551 1160 1589 tandem
1193 1551 1303 1599 apud
1336 1552 1543 1591 Thaidem

359 1625 545 1674 Quodvis
577 1626 736 1664 donum
766 1625 1008 1673 praemium
1040 1636 1065 1664 a
1095 1636 1166 1664 me
1198 1628 1355 1676 optato,
1390 1627 1432 1666 id
1464 1629 1660 1676 optatum

1354 1703 1507 1749 [feres'’
1542 1706 1619 1749 (vs.
1657 1705 1795 1750 1057).

238 1777 378 1816 Perite
434 1779 613 1816 annotat
669 1777 929 1817 Scholiasta:
991 1778 1215 1827 „donum
1270 1779 1320 1816 ut
1371 1788 1396 1817 a
1442 1779 1559 1827 largo
1606 1779 1793 1828 homine,

237 1863 263 1900 p
276 1853 546 1891 raemium
572 1854 621 1891 ut
648 1863 672 1891 a
693 1853 909 1901 praeclaro
926 1853 1155 1902 facinore,'’
1173 1854 1371 1902 recteque
1389 1854 1592 1893 admonet
1608 1854 1795 1893 militare

239 1938 333 1966 esse
366 1928 598 1976 optandi
629 1928 821 1967 verbum.

295 2005 427 2044 Audit
468 2016 616 2044 eorum
657 2015 903 2044 sermonem
943 2005 1152 2044 Phaedria
1183 2007 1226 2044 et
1257 2006 1319 2044 sic
1350 2005 1531 2044 rivalem
1564 2004 1793 2053 alloquitur

238 2084 315 2127 (vs.
353 2082 462 2120 1061
497 2084 598 2129 sq.):

871 2156 932 2195 Tu
964 2156 1147 2195 fortasse
1179 2167 1286 2204 quae
1318 2156 1432 2195 facta
1462 2156 1532 2195 hic
1562 2156 1677 2195 sient

708 2231 871 2270 Nescis.

239 2308 356 2356 „Hoc
396 2310 537 2347 totum
578 2308 756 2356 superbe
794 2318 843 2346 ac
874 2307 1099 2346 minaciter
1130 2307 1268 2355 inquit
1299 2307 1588 2357 adolescens,”
1623 2308 1793 2357 egregia

236 2385 302 2422 est
335 2385 598 2423 scholiastae
631 2383 863 2422 annotatio,

293 2459 375 2497 Ubi
407 2459 533 2497 miles
568 2459 717 2508 „Scio”
751 2458 871 2507 dixit,
905 2458 967 2497 sic
998 2459 1137 2507 pergit
1167 2459 1400 2498 Phaedria:

649 2534 759 2583 Quor
791 2545 889 2582 ergo
922 2535 965 2572 in
1002 2535 1069 2573 his
1100 2535 1143 2573 te
1175 2535 1394 2583 conspicor
1425 2535 1700 2584 regionibus?

234 2611 478 2659 Respondet
519 2611 667 2649 miles:
714 2610 870 2659 „Vobis
910 2610 1090 2649 fretus.’'
1132 2610 1192 2649 De
1234 2611 1444 2650 industria
1485 2612 1790 2651 soloecismum

227 2687 358 2734 fretus
389 2686 518 2724 militi
550 2686 699 2724 datum
732 2686 878 2724 censet
915 2685 1165 2724 Scholiasta.
1199 2685 1247 2724 V.
1282 2687 1334 2724 ad
1365 2697 1428 2725 vs.
1463 2687 1561 2725 432.
1585 2682 1611 2732 1)

269 2871 290 2904 ¹)
310 2870 464 2899 Eiusdem
484 2870 613 2904 generis
633 2870 685 2898 est
701 2869 874 2898 annotatio
893 2869 933 2898 ad
951 2869 1081 2897 Phorm.
1097 2869 1139 2904 ΙΙ,
1155 2869 1179 2904 1,
1196 2869 1243 2897 18:
1256 2869 1441 2905 „Habendae
1451 2869 1621 2904 compedes:
1628 2868 1788 2898 vitiosam

230 2922 430 2951 locutionem
466 2921 581 2950 servili
618 2928 777 2956 personae
812 2921 902 2949 dedit
936 2920 1116 2949 Terentius.
1153 2920 1237 2948 Nam
1274 2920 1440 2955 integrum
1475 2921 1573 2957 esset,
1608 2920 1636 2948 si
1665 2919 1787 2949 diceret

230 2974 442 3002 habendas
461 2974 704 3007 compedes.”
