2002 3464
974 393 1028 431 58

254 515 426 554 Thais.'’
468 515 667 564 Egregie;
710 526 811 554 nam
854 515 915 553 sic
952 516 1112 564 optime
1144 516 1380 566 explicatur
1411 519 1454 555 et
1486 518 1612 565 quid
1645 520 1730 557 est
1760 519 1804 558 et

253 591 372 628 hem
405 601 528 629 suam
560 589 641 628 sibi
672 590 763 628 vim
795 590 969 630 obtinet.

312 666 467 705 Addito
500 667 644 705 autem
678 668 755 711 (vs.
790 666 912 712 749):

369 741 491 779 Hanc
516 740 593 779 tibi
610 741 718 780 dono
736 741 787 780 do
804 752 940 790 neque
956 743 1100 791 repeto
1117 752 1191 791 pro
1209 742 1282 781 illa
1298 742 1525 790 quicquam
1542 743 1618 782 abs
1634 744 1677 782 te
1693 744 1804 792 preti

251 815 381 854 Thais
422 826 570 854 securo
612 816 700 855 iam
741 816 1000 856 adolescenti
1043 817 1259 856 rusticano
1291 817 1495 866 exprimit
1525 818 1636 866 grati
1668 818 1802 858 animi

251 880 576 930 confessionem.
619 891 621 893 ’

371 967 454 1015 „At
486 966 629 1005 enim'’
664 966 739 1012 (ait
769 978 833 1006 vs.
878 968 959 1007 751
995 970 1072 1015 sq.)
1106 978 1221 1017 cave,
1256 978 1308 1006 ne
1339 968 1457 1016 prius
1484 979 1613 1016 quam
1639 970 1750 1008 hanc
1776 980 1802 1008 a
1850 966 1863 971 “

957 1045 1041 1088 [me
1074 1043 1258 1092 accipias
1290 1043 1479 1093 amittas,
1513 1043 1740 1083 Chremes:

366 1118 475 1156 Nam
507 1118 613 1156 haec
644 1119 749 1167 east,
783 1128 912 1165 quarn
943 1117 1070 1157 miles
1102 1129 1127 1156 a
1152 1129 1223 1157 me
1249 1118 1292 1157 vi
1319 1129 1431 1157 nunc
1457 1120 1651 1168 ereptum
1668 1119 1799 1160 venit.

248 1193 311 1231 Ex
366 1192 434 1231 his
486 1192 685 1231 conficias
731 1194 859 1232 antea
906 1193 963 1238 (in
1010 1204 1141 1232 coena
1187 1194 1296 1242 apud
1343 1194 1542 1240 militem)
1589 1194 1801 1234 nihildum

248 1267 463 1306 Chremeti
506 1268 667 1307 dixisse
709 1269 760 1307 de
801 1279 944 1307 sorore
987 1268 1163 1307 inventa
1199 1268 1418 1308 Thaidem.
1453 1269 1532 1317 Sed
1564 1254 1661 1309 vide
1693 1280 1802 1318 quae

247 1344 298 1381 ad
331 1354 394 1382 vs,
429 1345 513 1382 620
546 1354 608 1391 sq.
643 1343 959 1382 annotavimus.

306 1419 414 1457 Tum
442 1419 698 1467 Pythiadem
725 1419 841 1458 iubet
867 1420 994 1458 domo
1022 1419 1171 1458 efferre
1197 1430 1266 1458 res
1292 1418 1389 1470 πρὸς
1416 1418 1483 1457 τὸν
1499 1417 1799 1471 ἀναγνωρισμόν

246 1494 523 1533 necessarias.
568 1495 810 1542 Sequuntur
841 1505 992 1533 versus
1024 1495 1105 1534 duo
1139 1495 1236 1540 (754
1270 1497 1347 1543 sq.)
1379 1495 1495 1534 vitae
1525 1494 1640 1543 pleni
1672 1495 1799 1543 atque

245 1569 436 1617 integrae
482 1580 635 1608 scenae
682 1569 839 1608 instar:
888 1570 1092 1609 Chremes
1137 1570 1323 1609 militem
1364 1570 1625 1620 reformidat,
1669 1570 1799 1610 Thais

244 1644 401 1683 metuit
432 1656 485 1683 ne
517 1655 602 1683 non
628 1645 671 1683 in
698 1646 890 1694 tempore
917 1656 943 1684 a
963 1645 1172 1694 Pythiade
1199 1644 1415 1684 Chremeti
1441 1646 1665 1685 tradantur
1685 1656 1796 1694 „mo-

244 1721 493 1770 numenta‚''
537 1721 688 1768 quibus
730 1731 919 1759 sororem
962 1731 1087 1759 suam
1121 1731 1214 1759 esse
1246 1721 1508 1769 liberamque
1541 1731 1637 1760 eam
1669 1731 1798 1769 quam

243 1795 370 1833 miles
407 1795 591 1844 petitum
622 1796 743 1834 venit
774 1797 1051 1835 demonstret.
1089 1797 1262 1846 „Atat,”
1295 1797 1374 1835 hoc
1405 1797 1534 1835 verbo
1567 1807 1613 1835 se
1644 1796 1798 1835 timere

244 1870 448 1910 Chremes
479 1871 666 1910 indicare
698 1872 858 1922 incipit,
893 1882 1044 1910 verum
1075 1873 1243 1910 metum
1276 1871 1412 1910 celare
1444 1872 1600 1911 studet.
1632 1871 1798 1921 „Atque

243 1946 304 1984 ita
344 1957 450 1994 opus
491 1948 584 1985 est”
627 1947 757 1986 Thais
789 1947 850 1986 ait
883 1949 1070 1996 (nempe:
1105 1948 1147 1985 te
1185 1947 1302 1985 omni
1333 1948 1453 1986 metu
1485 1949 1654 1993 carere).
1688 1947 1798 1986 Tum

242 2021 468 2060 Chremes:
501 2023 593 2072 „ah,
622 2024 768 2062 metuo
796 2023 966 2071 qualem
992 2024 1039 2061 tu
1071 2033 1142 2062 me
1164 2033 1259 2061 esse
1275 2022 1496 2061 hominem
1514 2022 1795 2063 existumes.”

241 2097 294 2135 Et
326 2097 456 2136 Thais
489 2099 566 2143 (vs.
601 2099 723 2144 759):

359 2173 500 2212 Immo
527 2174 607 2212 hoc
634 2173 841 2222 cogitato:
872 2173 1044 2221 quicum
1071 2184 1139 2212 res
1166 2173 1298 2223 tibist,
1327 2173 1576 2222 peregrinus
1603 2175 1691 2213 est:

359 2247 498 2287 Minus
530 2249 682 2297 potens
714 2259 843 2296 quam
874 2250 934 2297 tu,
963 2248 1107 2287 minus
1134 2249 1273 2297 notus,
1301 2248 1446 2287 minus
1473 2249 1711 2288 amicorum
1726 2250 1797 2289 hic

1544 2324 1734 2370 [habens.

240 2398 359 2437 Haec
399 2398 558 2447 legenti
599 2409 684 2437 non
724 2398 923 2437 videntur
955 2399 1179 2437 cohaerere
1221 2409 1319 2437 cum
1354 2399 1716 2450 praecedentibus
1750 2402 1796 2440 at

240 2473 463 2522 spectanti,
501 2475 550 2512 ut
591 2474 748 2523 opinor,
792 2474 887 2512 visa
927 2475 1040 2512 sunt.
1080 2474 1122 2512 Is
1155 2474 1270 2512 enim
1302 2473 1542 2513 Chremetis
1574 2477 1696 2515 actus
1727 2487 1793 2525 ge-

240 2550 417 2597 stusque
447 2549 529 2588 fuit
560 2549 632 2597 qui
662 2549 842 2587 minime
876 2549 1056 2588 fortibus
1083 2549 1179 2587 ‘eius
1211 2549 1352 2587 verbis
1383 2551 1669 2598 responderet.

299 2626 461 2664 Mavult
492 2624 634 2663 rixam
667 2626 967 2672 certamenque
999 2624 1136 2663 vitare
1168 2623 1393 2663 Chremes:

358 2701 451 2739 Scio
484 2700 595 2738 istuc
627 2699 702 2745 (ait
732 2710 795 2738 vs.
830 2699 912 2739 761
947 2702 1037 2749 sq),
1071 2699 1145 2738 sed
1177 2700 1224 2738 tu
1256 2700 1365 2747 quod
1397 2710 1547 2739 cavere
1578 2701 1717 2749 possis

1275 2776 1472 2820 [stultum
1504 2776 1787 2815 admitterest.

238 2849 319 2888 Hic
360 2851 417 2889 tu
459 2849 672 2898 significat
705 2861 834 2898 quam
866 2850 1036 2899 sapiens
1067 2849 1202 2888 videri
1234 2850 1376 2898 cupiat
1407 2850 1478 2898 qui
1509 2850 1567 2889 sit
1597 2851 1787 2890 timidus.

296 2925 380 2963 Vix
437 2927 753 2967 adolescentem
810 2925 990 2965 abeundi
1042 2926 1292 2975 praetextus
1339 2927 1614 2975 quaerentem
1660 2925 1789 2964 Thais
