2002 3464
948 348 972 388 7

175 485 272 516 esse
303 476 532 516 observata
562 474 723 514 sentire
754 474 863 513 mihi
895 475 1053 524 videor,
1082 474 1382 513 'demonstrare
1408 482 1480 511 me
1506 481 1592 510 non
1618 480 1744 519 posse

175 554 294 594 certo
325 553 426 593 scio,
459 552 675 592 Lubenter
706 553 856 591 tamen
886 563 986 591 mea
1017 551 1127 591 facio
1160 552 1292 591 verba
1325 550 1440 590 eius:
1473 550 1543 599 „et
1570 550 1744 588 tunc...

173 639 304 680 supra
349 627 501 679 dixit’z
550 638 659 677 quae
706 628 977 667 callidissimi
1019 629 1069 667 de
1113 629 1204 667 arte
1247 627 1413 667 comica
1454 625 1607 664 iudicis
1650 635 1745 663 esse

173 715 339 747 censeo.
391 705 446 744 Et
492 715 756 754 quamquam
803 705 854 763 de
901 704 1112 743 eiusmodi
1160 704 1288 743 rebus
1334 702 1460 742 aliter
1507 701 1746 740 sentientes

171 791 300 823 nemo
342 780 472 821 certis
513 780 662 830 signis.
692 780 1046 830 argumentisque
1084 779 1323 829 convincat,
1358 779 1473 818 haud
1505 779 1654 816 tamen
1686 776 1745 815 in-

96 892 99 894 .
170 857 348 898 firmum
390 857 542 897 adesse
575 857 843 896 Scholiastae
875 856 1046 895 videtur
1078 855 1391 895 adminiculum
1423 854 1468 893 in
1499 863 1631 892 versu
1664 853 1743 891 83:

171 935 336 981 (vereor
366 943 420 973 ne
452 933 556 972 illud
588 933 765 982 gravius
797 932 1008 972 Phaedria
1038 932 1199 978 tulerit)

231 1049 233 1051 ,
570 1009 688 1060 Quod
720 1009 814 1049 heri
846 1008 1125 1048 intromissus
1157 1018 1243 1047 non
1275 1009 1353 1058 est,

170 1086 225 1126 ad
248 1096 376 1142 &quae
417 1086 593 1126 Thaidis
635 1086 767 1126 verba
809 1086 900 1135 ipse
943 1084 1194 1134 adscripsit:
1242 1085 1375 1134 „haec
1416 1084 1567 1134 levius,
1611 1084 1660 1122 ut
1696 1083 1747 1121 de

169 1162 284 1203 facto
331 1173 409 1203 suo
455 1163 677 1212 loquens”.
727 1162 811 1202 Cur
857 1163 1006 1201 autem
1052 1161 1193 1200 levius
1241 1162 1292 1200 de
1340 1171 1417 1200 suo
1459 1161 1573 1200 facto
1615 1160 1746 1198 Thais

169 1239 381 1291 loquatur,
421 1250 496 1280 cur
527 1240 829 1279 crudelitatem
861 1250 988 1279 suam
1021 1239 1108 1278 leni
1139 1239 1346 1278 vocabulo
1373 1238 1558 1288 mitiget,
1588 1237 1672 1276 nisi
1700 1247 1746 1276 se

171 1327 198 1356 a
237 1316 450 1357 Phaedria
490 1317 627 1357 audiri
669 1318 823 1367 putet?
862 1317 943 1356 Sed
974 1316 1202 1355 videamus
1235 1326 1343 1364 quae
1376 1317 1626 1364 sequuntur.
1661 1314 1746 1353 Vix

169 1393 277 1433 haec
323 1393 492 1434 elocuta
538 1394 606 1433 est
652 1393 783 1432 Thais
831 1403 939 1442 quae
993 1393 1121 1432 modo
1169 1391 1415 1442 afferebam,
1461 1402 1561 1431 cum
1603 1401 1650 1431 se
1692 1391 1745 1430 ad

170 1469 428 1510 Phaedriam
460 1469 674 1510 con-vertit
704 1469 774 1509 his
805 1469 972 1508 verbis:

648 1546 788 1596 ehem7
822 1547 901 1585 tun
932 1545 1003 1585 hic
1035 1555 1143 1595 eras,
1179 1545 1241 1584 mi
1274 1544 1517 1583 Phaedria?

470 1623 578 1674 Quid
609 1624 758 1663 stabas
789 1623 893 1662 hic?
923 1633 1029 1672 quor
1060 1633 1146 1662 non
1177 1622 1290 1661 intro
1322 1621 1415 1660 ibas
1427 1622 1454 1674 ‘3

172 1699 243 1740 Sic
273 1710 388 1740 nunc
418 1699 464 1739 in
495 1699 756 1739 editionibus
787 1699 967 1748 legitur;
1001 1699 1106 1738 olim
1137 1699 1382 1747 legebatur:

410 1774 518 1825 Quid
549 1775 620 1815 hic
651 1775 831 1814 stabas?
865 1785 939 1814 cur
970 1785 1056 1814 non
1088 1776 1207 1814 recta
1239 1774 1480 1823 introibas‘?
1738 1829 1740 1831 -

171 1851 238 1892 Ad
279 1862 388 1901 quae
429 1852 563 1892 verba
604 1851 846 1892 Scholiasta
877 1851 1104 1891 adscribit:
1142 1851 1300 1901 „Quasi
1331 1861 1485 1899 parum
1515 1850 1646 1889 fuerit
1678 1850 1745 1888 in-

170 1929 404 1979 troibas‚
448 1928 558 1968 satis
598 1929 709 1968 mire
742 1928 937 1967 additum
969 1928 1168 1967 recta.”
1202 1927 1332 1966 Vides
1365 1927 1524 1975 quanto
1556 1928 1748 1975 praestet

171 2005 350 2054 antiqua
379 2005 610 2055 spretaque
641 2004 769 2044 lectio
801 2004 964 2044 recenti
996 2004 1296 2053 probataeque.
1331 2003 1409 2042 Illo
1443 2002 1559 2042 enim
1590 2004 1748 2042 recta

170 2081 419 2123 dissimulat
449 2081 580 2121 Thais
611 2091 804 2130 unquam
836 2081 1070 2130 quidquam
1103 2080 1325 2120 obstitisse
1358 2080 1588 2128 quominus
1621 2081 1748 2120 aedes

169 2169 274 2200 suas
313 2159 496 2198 intraret
535 2158 762 2197 Parmeno.
809 2157 890 2196 Sed
931 2157 1060 2196 mitto
1103 2157 1206 2205 hoc;
1245 2167 1381 2196 unum
1425 2157 1559 2196 etiam
1591 2167 1746 2196 moneo

169 2235 389 2287 lectorem,
426 2236 500 2276 ubi
531 2236 728 2286 impense
758 2235 935 2274 laudare
966 2234 1075 2274 velit
1108 2234 1351 2274 Scholiasta
1382 2234 1572 2273 Terentii
1603 2234 1746 2283 verba,

170 2313 315 2364 ipsum
340 2313 446 2353 illud
468 2313 722 2352 adverbium
738 2311 845 2351 mir
857 2322 879 2351 e
892 2343 902 2362 ‚
922 2322 1004 2361 quo
1023 2313 1067 2351 et
1083 2311 1153 2350 hic
1169 2311 1318 2361 utitur,
1339 2311 1392 2350 ab
1410 2321 1459 2350 eo
1477 2310 1577 2360 poni
1595 2311 1746 2360 solere.

230 2388 410 2440 Cognito
451 2399 582 2438 quam
624 2389 706 2428 sibi
748 2389 1003 2429 succenseat
1043 2388 1266 2438 Phaedria,
1310 2388 1423 2427 iram
1467 2387 1560 2426 eius
1597 2388 1748 2426 sedare

170 2465 325 2506 nititur
365 2465 498 2505 Thais
538 2466 751 2505 narrando
793 2475 902 2514 quae
945 2475 1075 2504 causa
1106 2465 1237 2504 fuerit
1270 2475 1344 2504 cur
1376 2475 1478 2503 eum
1510 2464 1603 2504 heri
1638 2474 1750 2519 „non

172 2543 439 2589 admiserit”.
489 2542 604 2594 Quae
651 2544 841 2583 narratio
894 2544 979 2582 huc
1019 2543 1107 2582 fere
1150 2543 1282 2582 redit:
1327 2543 1430 2582 dum
1474 2542 1607 2581 etiam
1651 2551 1750 2580 cum

172 2620 314 2660 matre
339 2619 478 2660 Rhodi
504 2619 682 2659 vivebat
709 2619 852 2669 Thais,
884 2620 936 2658 ad
965 2629 1039 2658 eas
1067 2619 1200 2658 allata
1227 2620 1294 2658 est
1319 2611 1510 2668 puellula
1537 2617 1749 2666 quaedam

171 2695 357 2735 Athenis
403 2696 527 2745 rapta
568 2706 594 2734 a
634 2696 933 2745 praedonibus.
979 2695 1105 2733 Illam
1148 2695 1324 2734 Thaidis
1364 2695 1507 2733 mater
1548 2704 1623 2743 pro
1671 2703 1750 2732 sua

171 2771 334 2821 eduxit,
378 2771 440 2810 ita
479 2772 529 2810 ut
568 2771 695 2820 volgo
739 2772 914 2811 Thaidis
957 2781 1077 2810 soror
1119 2781 1215 2810 esse
1259 2771 1514 2810 crederetur.
1554 2769 1750 2808 Athenas

171 2848 364 2898 profecta
406 2847 567 2887 Thaide
610 2858 710 2887 cum
742 2848 882 2897 primo
915 2849 1108 2887 amatore
1141 2858 1231 2897 suo,
1268 2847 1340 2896 qui
1371 2847 1485 2886 haud
1518 2847 1580 2886 ita
1610 2846 1750 2885 multo

173 2923 274 2972 post
319 2924 518 2962 mortuus
566 2925 644 2974 est,
693 2924 836 2963 mater
879 2924 971 2963 eius
1015 2908 1116 2973 obit,
1159 2923 1271 2962 bona
1314 2923 1407 2962 eius
1449 2923 1492 2962 et
1534 2932 1633 2961 cum
1671 2921 1757 2960 illis
