2002 3464
950 349 1031 388 103

196 476 337 516 simus
382 477 455 517 ille
500 487 634 516 senex
681 476 1067 526 Miiller-Strubing,
1117 487 1246 525 quem
1289 476 1396 515 duos
1438 477 1594 517 abhinc
1636 489 1772 518 annos

196 553 312 593 tristi
359 554 448 594 fato
494 554 700 602 vegetum
748 554 882 592 etiam
931 554 1204 602 alacremque
1251 554 1448 602 ereptum
1493 554 1616 592 nobis
1658 554 1771 603 luge-

195 637 296 667 mus
327 628 470 668 amici.

255 705 372 745 Satis
417 705 518 756 iam,
566 702 615 745 ut
661 706 822 756 opinor,
873 717 927 746 ex
974 707 1028 745 iis
1076 717 1185 755 quae
1233 707 1455 756 hucusque
1499 707 1614 746 dicta
1655 708 1769 757 sunt,

195 782 372 831 apparet
402 782 503 831 quid
534 782 616 821 sibi
649 783 891 822 Scholiasta
922 784 1069 822 noster
1102 784 1414 823 commentario
1442 794 1520 823 suo
1547 784 1771 824 scribendo

193 858 474 908 proposuerit.
508 858 735 898 Terentius
767 860 816 898 ut
848 860 1006 898 melius
1038 860 1364 909 intelligeretur,
1399 862 1448 899 ut
1479 871 1589 909 quae
1616 861 1772 900 fuisset

193 933 287 974 eius
317 933 482 974 indoles
513 935 671 974 melius
702 936 948 985 sentiretur,
984 936 1065 974 hoc
1095 936 1274 986 studuit,
1309 937 1389 976 hoc
1416 936 1643 985 spectavit.
1673 937 1770 976 Om-

192 1010 315 1050 nium
346 1010 419 1060 qui
451 1012 788 1051 commentarios
820 1013 873 1051 ad
905 1012 1138 1061 scriptores
1164 1014 1370 1062 poetasve
1398 1014 1442 1052 in
1468 1013 1611 1052 lucem
1639 1013 1772 1053 edunt

191 1087 404 1127 eiusmodi
449 1098 546 1127 esse
593 1088 822 1128 consilium
870 1089 1044 1127 dixeris.
1094 1090 1152 1128 At
1193 1089 1386 1138 plerique
1427 1090 1583 1128 horum
1615 1100 1771 1138 pueros

188 1161 274 1203 sibi
313 1163 497 1204 lectores
538 1163 708 1214 fingunt
750 1165 794 1204 in
835 1165 934 1204 ludo
972 1165 1164 1204 literario
1197 1166 1512 1214 grammaticae
1542 1168 1772 1216 praecepta

190 1238 429 1288 discentes;
462 1242 610 1280 noster
640 1252 743 1280 vero
776 1242 1024 1281 adultorum
1057 1242 1198 1291 gratia
1229 1243 1390 1292 scribit,
1425 1242 1487 1282 ita
1519 1242 1771 1282 Terentium

190 1315 332 1365 legere
379 1316 645 1366 cupientium
687 1319 915 1367 tamquam
957 1318 995 1357 si
1036 1318 1206 1357 fabulas
1239 1319 1331 1357 eius
1364 1319 1409 1357 in
1442 1329 1574 1358 cavea
1606 1320 1770 1368 specta-

189 1393 309 1442 rent3
342 1392 531 1433 artifices
558 1394 753 1434 scenicos
780 1396 993 1444 quomodo
1020 1395 1191 1434 fabulae
1219 1395 1312 1435 eius
1339 1395 1592 1444 singulaeve
1620 1406 1771 1435 earum

188 1470 335 1518 partes
381 1471 471 1510 sint
514 1471 717 1521 agendae,
762 1473 929 1511 ceteros
972 1482 1124 1511 omnes
1167 1472 1380 1520 quomodo
1427 1472 1770 1520 pronuntiandae

171 1546 278 1594 ,sint
309 1547 446 1587 docet.
478 1548 630 1596 Itaque
662 1548 700 1587 si
731 1548 832 1597 quid
865 1549 903 1588 ei
936 1549 1124 1588 innotuit
1154 1549 1205 1588 de
1236 1549 1377 1598 lepido
1405 1549 1547 1597 aliquo
1577 1549 1767 1599 invento,

189 1623 303 1672 quod
349 1623 455 1663 olim
501 1625 555 1663 ad
601 1625 793 1673 aliquam
841 1635 1020 1664 scenam
1067 1626 1364 1664 exornandam
1411 1625 1594 1664 feliciter
1640 1625 1771 1664 fuerit

189 1699 444 1750 adhibitum,
479 1700 583 1740 illud
617 1711 960 1740 commemorare
993 1711 1078 1740 non
1110 1701 1302 1750 negligit.
1524 1694 1526 1696 ’

249 1776 422 1816 Phorm.
452 1778 537 1817 315
566 1779 610 1817 et
627 1778 726 1817 321.
747 1778 938 1827 Antipho
956 1778 1135 1834 absente
1153 1780 1275 1827 patre
1294 1779 1483 1818 amicam
1501 1788 1627 1817 suam
1646 1778 1771 1817 duxit

188 1863 385 1893 uxorem.
418 1854 511 1893 Hoc
541 1855 590 1893 ut
621 1853 714 1894 fieri
740 1856 888 1903 posset
915 1855 1109 1894 adiutore
1135 1865 1241 1893 usus
1269 1857 1336 1894 est
1359 1855 1640 1894 callidissimo
1658 1865 1776 1902 mor-⁴

188 1929 344 1969 talium
360 1930 633 1970 Phormione.
652 1931 733 1970 Hic
752 1932 869 1970 enim
886 1933 1113 1979 tamquam
1126 1931 1292 1970 amicae
1305 1931 1421 1970 illius
1432 1932 1641 1980 patronus
1654 1931 1770 1970 diem

188 2006 426 2056 Antiphoni
442 2006 565 2058 dixit,
584 2008 750 2057 legibus
768 2019 877 2057 quae
894 2010 1042 2048 essent
1058 2007 1146 2059 περὶ
1159 2007 1372 2058 ἐπικλήρου
1386 2009 1497 2048 hanc
1510 2009 1548 2048 ei
1561 2009 1769 2048 destinari

188 2093 372 2123 uxorem
397 2084 639 2133 mentiens;
668 2085 760 2133 ipse
783 2086 932 2124 autem
949 2085 1140 2134 Antipho
1157 2086 1206 2124 ut
1225 2085 1586 2124 condemnaretur
1603 2085 1768 2124 silendo

188 2159 392 2208 omnique
418 2160 659 2200 omittenda
685 2161 932 2201 defensione
959 2161 1150 2210 perfecit.
1179 2162 1238 2201 At
1265 2172 1439 2200 reverso
1456 2162 1591 2211 patre,
1611 2161 1768 2200 timore

188 2235 411 2285 perculsus
456 2236 614 2287 latitat,
657 2247 768 2277 uxor
809 2239 901 2277 tam
947 2237 1098 2277 callide
1131 2238 1330 2286 quaesita
1361 2248 1415 2276 ne
1449 2238 1531 2276 sibi
1563 2238 1769 2287 eripiatur

187 2313 347 2353 metuit
377 2314 453 2353 sed
480 2315 692 2363 quomodo
721 2325 818 2354 eam
846 2314 1032 2354 retineat
1060 2315 1211 2354 nescit.
1242 2315 1379 2364 Igitur
1396 2314 1556 2354 iterum
1575 2315 1769 2354 adiutore

188 2389 447 2430 Phormione
479 2400 586 2439 opus
617 2392 707 2430 est:
742 2391 794 2431 ad
826 2391 950 2430 illum
980 2391 1088 2430 Geta
1115 2402 1269 2430 servus
1296 2391 1500 2440 mittitur,
1530 2391 1598 2430 cui
1616 2391 1768 2430 obvius

187 2465 330 2505 factus
376 2466 579 2506 Phormio
626 2467 726 2515 quid
773 2467 977 2507 acciderit
1019 2468 1204 2516 quidque
1247 2469 1470 2506 metuatur
1523 2468 1766 2516 cognoscit;

188 2552 294 2582 mox
335 2552 382 2582 se
418 2543 595 2591 periculi
627 2544 868 2583 remedium
901 2543 1120 2583 invenisse
1153 2542 1381 2593 significat.
1418 2544 1555 2583 Actus
1587 2544 1668 2583 hoc
1701 2545 1769 2583 est

188 2619 375 2669 initium,
410 2630 492 2668 quo
520 2621 564 2659 et
580 2620 713 2660 Getae
740 2621 1006 2670 perturbatio
1034 2622 1079 2659 et
1106 2621 1380 2660 Phormionis
1409 2631 1562 2660 secura
1589 2620 1769 2659 audacia

188 2695 358 2745 egregie
400 2695 656 2745 depingitur.
701 2696 782 2736 Sed
824 2707 978 2736 verum
1017 2697 1055 2736 ei
1089 2697 1277 2736 colorem
1308 2697 1506 2746 praebuit
1537 2696 1768 2754 Ambivius

187 2772 358 2821 Turpio,
393 2772 444 2810 de
477 2782 559 2820 quo
591 2772 698 2812 haec
728 2774 861 2813 tradit
894 2773 1158 2812 Scholiasta:

251 2848 430 2898 „Adhuc
471 2849 672 2888 narratur
711 2849 857 2889 fabula
894 2850 945 2889 de
978 2850 1178 2889 Terentio
1211 2851 1255 2888 et
1286 2850 1489 2888 Ambivio
1522 2849 1662 2898 ebrio;
1697 2851 1768 2898 qui

188 2926 364 2965 acturus
390 2925 502 2964 hanc
527 2924 731 2976 fabulam,
761 2927 951 2966 oscitans
972 2926 1246 2977 temulenter,
1271 2927 1400 2976 atque
1418 2936 1568 2966 aurem
1585 2926 1768 2965 minimo
