<?xml version="1.0" encoding="UTF-8"?>
<!DOCTYPE html PUBLIC "-//W3C//DTD XHTML 1.0 Transitional//EN"
    "http://www.w3.org/TR/xhtml1/DTD/xhtml1-transitional.dtd">
<html xmlns="http://www.w3.org/1999/xhtml" xml:lang="en" lang="en">
 <head>
  <title>
</title>
<meta http-equiv="Content-Type" content="text/html;charset=utf-8" />
  <meta name='ocr-system' content='tesseract 3.04.00' />
  <meta name='ocr-capabilities' content='ocr_page ocr_carea ocr_par ocr_line ocrx_word'/>
</head>
<body>
  <div class='ocr_page' id='page_1' title='image "./deterentioetdona00hartuoft_0042.png"; bbox 0 0 2002 3464; ppageno 0'>
   <div class='ocr_carea' id='block_1_1' title="bbox 990 391 1044 429">
    <p class='ocr_par' dir='ltr' id='par_1_1' title="bbox 990 391 1044 429">
     <span class='ocr_line' id='line_1_1' title="bbox 990 391 1044 429; baseline 0 0"><span class='ocrx_word' id='word_1_1' title='bbox 990 391 1044 429; x_wconf 83' lang='lat'>30</span> 
     </span>
    </p>
   </div>
   <div class='ocr_carea' id='block_1_2' title="bbox 234 513 1790 1095">
    <p class='ocr_par' dir='ltr' id='par_1_2' title="bbox 235 513 1788 567">
     <span class='ocr_line' id='line_1_2' title="bbox 235 513 1788 567; baseline 0.003 -14"><span class='ocrx_word' id='word_1_2' title='bbox 235 516 322 553; x_wconf 84' lang='lat' dir='ltr'>trix</span> <span class='ocrx_word' id='word_1_3' title='bbox 347 516 489 555; x_wconf 87' lang='lat' dir='ltr'>vicina</span> <span class='ocrx_word' id='word_1_4' title='bbox 511 517 619 555; x_wconf 87' lang='lat' dir='ltr'>est.&#39;&#39;</span> <span class='ocrx_word' id='word_1_5' title='bbox 642 517 694 555; x_wconf 89' lang='lat' dir='ltr'>Et</span> <span class='ocrx_word' id='word_1_6' title='bbox 707 527 835 556; x_wconf 82' lang='lat' dir='ltr'>mox:</span> <span class='ocrx_word' id='word_1_7' title='bbox 858 516 1111 566; x_wconf 87' lang='lat' dir='ltr'>„artificiose</span> <span class='ocrx_word' id='word_1_8' title='bbox 1127 518 1312 557; x_wconf 75' lang='lat' dir='ltr'>inculcat</span> <span class='ocrx_word' id='word_1_9' title='bbox 1327 519 1453 567; x_wconf 80' lang='lat' dir='ltr'>poeta</span> <span class='ocrx_word' id='word_1_10' title='bbox 1468 516 1510 556; x_wconf 84' lang='grc' dir='ltr'>τὸ</span> <span class='ocrx_word' id='word_1_11' title='bbox 1526 513 1723 556; x_wconf 82' lang='grc' dir='ltr'><strong><em>πιθανόν”</em></strong></span> <span class='ocrx_word' id='word_1_12' title='bbox 1746 513 1788 564; x_wconf 89' lang='lat'>¹).</span> 
     </span>
    </p>

    <p class='ocr_par' dir='ltr' id='par_1_3' title="bbox 236 594 1789 791">
     <span class='ocr_line' id='line_1_3' title="bbox 295 594 1788 643; baseline 0.001 -11"><span class='ocrx_word' id='word_1_13' title='bbox 295 604 357 632; x_wconf 88' lang='lat' dir='ltr'>vs.</span> <span class='ocrx_word' id='word_1_14' title='bbox 387 595 485 633; x_wconf 85' lang='lat'><strong>361.</strong></span> <span class='ocrx_word' id='word_1_15' title='bbox 514 595 767 633; x_wconf 83' lang='lat' dir='ltr'>Formosam</span> <span class='ocrx_word' id='word_1_16' title='bbox 794 605 888 633; x_wconf 89' lang='lat' dir='ltr'>esse</span> <span class='ocrx_word' id='word_1_17' title='bbox 916 595 1122 634; x_wconf 81' lang='lat' dir='ltr'>Thaidem</span> <span class='ocrx_word' id='word_1_18' title='bbox 1150 595 1220 634; x_wconf 88' lang='lat' dir='ltr'>ubi</span> <span class='ocrx_word' id='word_1_19' title='bbox 1246 596 1408 634; x_wconf 86' lang='lat' dir='ltr'>audivit</span> <span class='ocrx_word' id='word_1_20' title='bbox 1435 594 1623 634; x_wconf 89' lang='lat' dir='ltr'>Chaerea</span> <span class='ocrx_word' id='word_1_21' title='bbox 1643 595 1788 643; x_wconf 88' lang='lat' dir='ltr'>rogat:</span> 
     </span>
     <span class='ocr_line' id='line_1_4' title="bbox 239 669 1789 719; baseline 0.002 -13"><span class='ocrx_word' id='word_1_22' title='bbox 239 670 310 716; x_wconf 87' lang='lat' dir='ltr'>„at</span> <span class='ocrx_word' id='word_1_23' title='bbox 345 669 405 706; x_wconf 91' lang='lat' dir='ltr'>nil</span> <span class='ocrx_word' id='word_1_24' title='bbox 442 669 493 707; x_wconf 89' lang='lat' dir='ltr'>ad</span> <span class='ocrx_word' id='word_1_25' title='bbox 530 671 724 708; x_wconf 91' lang='lat' dir='ltr'>nostram</span> <span class='ocrx_word' id='word_1_26' title='bbox 761 670 929 708; x_wconf 85' lang='lat' dir='ltr'>hanc?&#39;&#39;</span> <span class='ocrx_word' id='word_1_27' title='bbox 964 670 1223 717; x_wconf 77' lang='lat' dir='ltr'>Scholiasta:</span> <span class='ocrx_word' id='word_1_28' title='bbox 1261 671 1506 719; x_wconf 86' lang='lat' dir='ltr'>„moraliter</span> <span class='ocrx_word' id='word_1_29' title='bbox 1537 671 1789 710; x_wconf 85' lang='lat' dir='ltr'>nostram</span> 
     </span>
     <span class='ocr_line' id='line_1_5' title="bbox 236 743 699 791; baseline 0.006 -11"><span class='ocrx_word' id='word_1_30' title='bbox 236 743 345 781; x_wconf 82' lang='lat' dir='ltr'>dixit</span> <span class='ocrx_word' id='word_1_31' title='bbox 375 754 450 791; x_wconf 90' lang='lat' dir='ltr'>pro</span> <span class='ocrx_word' id='word_1_32' title='bbox 482 746 699 783; x_wconf 89' lang='lat' dir='ltr'>meam.”</span> 
     </span>
    </p>

    <p class='ocr_par' dir='ltr' id='par_1_4' title="bbox 234 805 1790 1095">
     <span class='ocr_line' id='line_1_6' title="bbox 292 805 1790 870; baseline 0.001 -14"><span class='ocrx_word' id='word_1_33' title='bbox 292 829 356 857; x_wconf 86' lang='lat' dir='ltr'>VS.</span> <span class='ocrx_word' id='word_1_34' title='bbox 401 820 498 858; x_wconf 82' lang='grc'><strong>362.</strong></span> <span class='ocrx_word' id='word_1_35' title='bbox 540 805 750 868; x_wconf 85' lang='lat' dir='ltr'>„Obsecro</span> <span class='ocrx_word' id='word_1_36' title='bbox 782 820 934 870; x_wconf 91' lang='lat' dir='ltr'>hercle,</span> <span class='ocrx_word' id='word_1_37' title='bbox 969 821 1191 870; x_wconf 81' lang='lat' dir='ltr'>Parmeno,</span> <span class='ocrx_word' id='word_1_38' title='bbox 1226 820 1291 859; x_wconf 86' lang='lat' dir='ltr'>fac</span> <span class='ocrx_word' id='word_1_39' title='bbox 1323 821 1372 859; x_wconf 93' lang='lat' dir='ltr'>ut</span> <span class='ocrx_word' id='word_1_40' title='bbox 1402 821 1566 868; x_wconf 84' lang='lat' dir='ltr'>potiar’&#39;</span> <span class='ocrx_word' id='word_1_41' title='bbox 1602 819 1790 859; x_wconf 83' lang='lat' dir='ltr'>Chaerea</span> 
     </span>
     <span class='ocr_line' id='line_1_7' title="bbox 235 894 1790 944; baseline 0.001 -12"><span class='ocrx_word' id='word_1_42' title='bbox 235 894 306 943; x_wconf 89' lang='lat' dir='ltr'>ait,</span> <span class='ocrx_word' id='word_1_43' title='bbox 342 895 385 932; x_wconf 91' lang='lat' dir='ltr'>et</span> <span class='ocrx_word' id='word_1_44' title='bbox 415 894 648 934; x_wconf 86' lang='lat' dir='ltr'>Parmeno:</span> <span class='ocrx_word' id='word_1_45' title='bbox 685 895 867 944; x_wconf 86' lang='lat' dir='ltr'>„faciam</span> <span class='ocrx_word' id='word_1_46' title='bbox 898 896 1087 934; x_wconf 88' lang='lat' dir='ltr'>sedulo.&#39;&#39;</span> <span class='ocrx_word' id='word_1_47' title='bbox 1121 896 1342 934; x_wconf 82' lang='lat' dir='ltr'>Faciam</span> <span class='ocrx_word' id='word_1_48' title='bbox 1375 896 1568 934; x_wconf 88' lang='lat' dir='ltr'>sedulo</span> <span class='ocrx_word' id='word_1_49' title='bbox 1600 895 1696 944; x_wconf 89' lang='lat' dir='ltr'>plus</span> <span class='ocrx_word' id='word_1_50' title='bbox 1723 896 1790 934; x_wconf 84' lang='lat' dir='ltr'>est</span> 
     </span>
     <span class='ocr_line' id='line_1_8' title="bbox 235 970 1789 1019; baseline 0.001 -12"><span class='ocrx_word' id='word_1_51' title='bbox 235 979 364 1016; x_wconf 86' lang='lat' dir='ltr'>quam</span> <span class='ocrx_word' id='word_1_52' title='bbox 396 980 417 1007; x_wconf 92' lang='lat' dir='ltr'>s</span> <span class='ocrx_word' id='word_1_53' title='bbox 430 971 448 1008; x_wconf 87' lang='lat' dir='ltr'>t</span> <span class='ocrx_word' id='word_1_54' title='bbox 459 981 480 1008; x_wconf 90' lang='lat' dir='ltr'>r</span> <span class='ocrx_word' id='word_1_55' title='bbox 492 981 514 1008; x_wconf 93' lang='lat' dir='ltr'>e</span> <span class='ocrx_word' id='word_1_56' title='bbox 525 981 554 1008; x_wconf 92' lang='lat' dir='ltr'>n</span> <span class='ocrx_word' id='word_1_57' title='bbox 566 981 594 1008; x_wconf 88' lang='lat' dir='ltr'>u</span> <span class='ocrx_word' id='word_1_58' title='bbox 606 981 628 1009; x_wconf 91' lang='lat' dir='ltr'>e</span> <span class='ocrx_word' id='word_1_59' title='bbox 661 981 683 1009; x_wconf 95' lang='lat' dir='ltr'>o</span> <span class='ocrx_word' id='word_1_60' title='bbox 696 982 722 1019; x_wconf 90' lang='lat' dir='ltr'>p</span> <span class='ocrx_word' id='word_1_61' title='bbox 735 981 757 1009; x_wconf 95' lang='lat' dir='ltr'>e</span> <span class='ocrx_word' id='word_1_62' title='bbox 769 982 790 1010; x_wconf 89' lang='lat' dir='ltr'>r</span> <span class='ocrx_word' id='word_1_63' title='bbox 801 981 826 1009; x_wconf 89' lang='lat' dir='ltr'>a</span> <span class='ocrx_word' id='word_1_64' title='bbox 837 981 883 1009; x_wconf 92' lang='lat' dir='ltr'>m</span> <span class='ocrx_word' id='word_1_65' title='bbox 910 972 935 1009; x_wconf 94' lang='lat' dir='ltr'>d</span> <span class='ocrx_word' id='word_1_66' title='bbox 948 971 1008 1009; x_wconf 89' lang='lat' dir='ltr'>ab</span> <span class='ocrx_word' id='word_1_67' title='bbox 1022 981 1058 1009; x_wconf 91' lang='lat' dir='ltr'>o.</span> <span class='ocrx_word' id='word_1_68' title='bbox 1078 971 1254 1009; x_wconf 87' lang='lat' dir='ltr'>Accedit</span> <span class='ocrx_word' id='word_1_69' title='bbox 1272 971 1404 1009; x_wconf 90' lang='lat' dir='ltr'>etiam</span> <span class='ocrx_word' id='word_1_70' title='bbox 1421 970 1556 1009; x_wconf 87' lang='lat' dir='ltr'>fidelis</span> <span class='ocrx_word' id='word_1_71' title='bbox 1574 970 1789 1009; x_wconf 74' lang='lat' dir='ltr'>amicitiae</span> 
     </span>
     <span class='ocr_line' id='line_1_9' title="bbox 234 1026 1789 1095; baseline 0.001 -13"><span class='ocrx_word' id='word_1_72' title='bbox 234 1045 363 1083; x_wconf 89' lang='lat' dir='ltr'>notio.</span> <span class='ocrx_word' id='word_1_73' title='bbox 399 1045 532 1094; x_wconf 84' lang='lat' dir='ltr'>Saepe</span> <span class='ocrx_word' id='word_1_74' title='bbox 564 1046 679 1084; x_wconf 90' lang='lat' dir='ltr'>enim</span> <span class='ocrx_word' id='word_1_75' title='bbox 711 1046 908 1085; x_wconf 91' lang='lat' dir='ltr'>homines</span> <span class='ocrx_word' id='word_1_76' title='bbox 941 1057 1114 1085; x_wconf 91' lang='lat' dir='ltr'>omnem</span> <span class='ocrx_word' id='word_1_77' title='bbox 1146 1046 1332 1095; x_wconf 88' lang='lat' dir='ltr'>lapidem</span> <span class='ocrx_word' id='word_1_78' title='bbox 1362 1047 1552 1095; x_wconf 86' lang='lat' dir='ltr'>movent,</span> <span class='ocrx_word' id='word_1_79' title='bbox 1586 1056 1671 1084; x_wconf 89' lang='lat' dir='ltr'>non</span> <span class='ocrx_word' id='word_1_80' title='bbox 1697 1026 1789 1084; x_wconf 85' lang='lat' dir='ltr'>tam</span> 
     </span>
    </p>
   </div>
   <div class='ocr_carea' id='block_1_3' title="bbox 234 1120 1852 1172">
    <p class='ocr_par' dir='ltr' id='par_1_5' title="bbox 234 1120 1852 1172">
     <span class='ocr_line' id='line_1_10' title="bbox 234 1120 1852 1172; baseline 0.001 -15"><span class='ocrx_word' id='word_1_81' title='bbox 234 1121 282 1158; x_wconf 91' lang='lat' dir='ltr'>ut</span> <span class='ocrx_word' id='word_1_82' title='bbox 314 1120 502 1158; x_wconf 87' lang='lat' dir='ltr'>amicum</span> <span class='ocrx_word' id='word_1_83' title='bbox 535 1121 738 1159; x_wconf 89' lang='lat' dir='ltr'>adiuvent</span> <span class='ocrx_word' id='word_1_84' title='bbox 769 1132 898 1169; x_wconf 87' lang='lat' dir='ltr'>quam</span> <span class='ocrx_word' id='word_1_85' title='bbox 929 1123 978 1160; x_wconf 92' lang='lat' dir='ltr'>ut</span> <span class='ocrx_word' id='word_1_86' title='bbox 1009 1122 1148 1170; x_wconf 90' lang='lat' dir='ltr'>specie</span> <span class='ocrx_word' id='word_1_87' title='bbox 1180 1121 1414 1160; x_wconf 81' lang='lat' dir='ltr'>industriae</span> <span class='ocrx_word' id='word_1_88' title='bbox 1443 1131 1541 1172; x_wconf 87' lang='lat' dir='ltr'>eum</span> <span class='ocrx_word' id='word_1_89' title='bbox 1563 1121 1787 1169; x_wconf 87' lang='lat' dir='ltr'>decipiant.</span> <span class='ocrx_word' id='word_1_90' title='bbox 1850 1148 1852 1150; x_wconf 91' lang='lat'>-</span> 
     </span>
    </p>
   </div>
   <div class='ocr_carea' id='block_1_4' title="bbox 232 1194 1791 2369">
    <p class='ocr_par' dir='ltr' id='par_1_6' title="bbox 234 1194 1790 1320">
     <span class='ocr_line' id='line_1_11' title="bbox 235 1194 1790 1249; baseline 0.001 -16"><span class='ocrx_word' id='word_1_91' title='bbox 235 1194 294 1233; x_wconf 82' lang='lat' dir='ltr'>Cf.</span> <span class='ocrx_word' id='word_1_92' title='bbox 344 1195 669 1234; x_wconf 87' lang='lat' dir='ltr'>Ciceronianum</span> <span class='ocrx_word' id='word_1_93' title='bbox 715 1197 840 1235; x_wconf 89' lang='lat' dir='ltr'>illud:</span> <span class='ocrx_word' id='word_1_94' title='bbox 889 1196 1186 1246; x_wconf 82' lang='lat' dir='ltr'>„Quamquam</span> <span class='ocrx_word' id='word_1_95' title='bbox 1227 1197 1373 1235; x_wconf 91' lang='lat' dir='ltr'>sedulo</span> <span class='ocrx_word' id='word_1_96' title='bbox 1414 1196 1608 1245; x_wconf 84' lang='lat' dir='ltr'>faciebat,</span> <span class='ocrx_word' id='word_1_97' title='bbox 1641 1197 1790 1249; x_wconf 85' lang='lat' dir='ltr'>tamen</span> 
     </span>
     <span class='ocr_line' id='line_1_12' title="bbox 234 1270 1539 1320; baseline 0.002 -12"><span class='ocrx_word' id='word_1_98' title='bbox 234 1270 449 1309; x_wconf 90' lang='lat' dir='ltr'>interdum</span> <span class='ocrx_word' id='word_1_99' title='bbox 480 1282 565 1309; x_wconf 93' lang='lat' dir='ltr'>non</span> <span class='ocrx_word' id='word_1_100' title='bbox 597 1271 820 1310; x_wconf 81' lang='lat' dir='ltr'>defendere</span> <span class='ocrx_word' id='word_1_101' title='bbox 852 1272 927 1310; x_wconf 93' lang='lat' dir='ltr'>sed</span> <span class='ocrx_word' id='word_1_102' title='bbox 958 1272 1243 1320; x_wconf 88' lang='lat' dir='ltr'>praevaricari</span> <span class='ocrx_word' id='word_1_103' title='bbox 1274 1272 1539 1310; x_wconf 86' lang='lat' dir='ltr'>videbatur.”</span> 
     </span>
    </p>

    <p class='ocr_par' dir='ltr' id='par_1_7' title="bbox 232 1345 1791 1697">
     <span class='ocr_line' id='line_1_13' title="bbox 292 1345 1790 1396; baseline 0 -12"><span class='ocrx_word' id='word_1_104' title='bbox 292 1356 356 1384; x_wconf 72' lang='lat' dir='ltr'>vs,</span> <span class='ocrx_word' id='word_1_105' title='bbox 401 1347 498 1384; x_wconf 81' lang='lat'>369.</span> <span class='ocrx_word' id='word_1_106' title='bbox 545 1346 678 1395; x_wconf 79' lang='lat' dir='ltr'>Quid</span> <span class='ocrx_word' id='word_1_107' title='bbox 721 1347 767 1385; x_wconf 91' lang='lat' dir='ltr'>si</span> <span class='ocrx_word' id='word_1_108' title='bbox 809 1357 949 1385; x_wconf 84' lang='lat' dir='ltr'>nunc</span> <span class='ocrx_word' id='word_1_109' title='bbox 992 1348 1113 1386; x_wconf 89' lang='lat' dir='ltr'>tute</span> <span class='ocrx_word' id='word_1_110' title='bbox 1155 1347 1486 1385; x_wconf 85' lang='lat' dir='ltr'>fortunatus</span> <span class='ocrx_word' id='word_1_111' title='bbox 1517 1346 1660 1385; x_wconf 87' lang='lat' dir='ltr'>fias?</span> <span class='ocrx_word' id='word_1_112' title='bbox 1694 1345 1790 1396; x_wconf 81' lang='lat' dir='ltr'>„Sic</span> 
     </span>
     <span class='ocr_line' id='line_1_14' title="bbox 233 1421 1791 1472; baseline 0.001 -14"><span class='ocrx_word' id='word_1_113' title='bbox 233 1421 402 1459; x_wconf 88' lang='lat' dir='ltr'>videtur</span> <span class='ocrx_word' id='word_1_114' title='bbox 433 1422 570 1460; x_wconf 84' lang='lat' dir='ltr'>dicere</span> <span class='ocrx_word' id='word_1_115' title='bbox 602 1423 824 1472; x_wconf 84' lang='lat' dir='ltr'>Parmeno,</span> <span class='ocrx_word' id='word_1_116' title='bbox 859 1423 1001 1471; x_wconf 88' lang='lat' dir='ltr'>potius</span> <span class='ocrx_word' id='word_1_117' title='bbox 1032 1425 1080 1461; x_wconf 91' lang='lat' dir='ltr'>ut</span> <span class='ocrx_word' id='word_1_118' title='bbox 1111 1423 1273 1461; x_wconf 89' lang='lat' dir='ltr'>iocetur</span> <span class='ocrx_word' id='word_1_119' title='bbox 1299 1433 1428 1470; x_wconf 87' lang='lat' dir='ltr'>quam</span> <span class='ocrx_word' id='word_1_120' title='bbox 1454 1424 1503 1461; x_wconf 93' lang='lat' dir='ltr'>ut</span> <span class='ocrx_word' id='word_1_121' title='bbox 1528 1422 1619 1461; x_wconf 91' lang='lat' dir='ltr'>fieri</span> <span class='ocrx_word' id='word_1_122' title='bbox 1646 1422 1791 1461; x_wconf 88' lang='lat' dir='ltr'>credat</span> 
     </span>
     <span class='ocr_line' id='line_1_15' title="bbox 233 1490 1790 1544; baseline 0.001 -10"><span class='ocrx_word' id='word_1_123' title='bbox 233 1497 401 1544; x_wconf 89' lang='lat' dir='ltr'>posse.&#39;’</span> <span class='ocrx_word' id='word_1_124' title='bbox 435 1490 591 1536; x_wconf 87' lang='lat' dir='ltr'>Veram</span> <span class='ocrx_word' id='word_1_125' title='bbox 627 1509 721 1536; x_wconf 90' lang='lat' dir='ltr'>esse</span> <span class='ocrx_word' id='word_1_126' title='bbox 753 1499 863 1537; x_wconf 89' lang='lat' dir='ltr'>hanc</span> <span class='ocrx_word' id='word_1_127' title='bbox 896 1499 1158 1537; x_wconf 69' lang='lat' dir='ltr'>scholiastae</span> <span class='ocrx_word' id='word_1_128' title='bbox 1191 1499 1534 1537; x_wconf 88' lang='lat' dir='ltr'>observationem</span> <span class='ocrx_word' id='word_1_129' title='bbox 1567 1508 1621 1536; x_wconf 84' lang='lat' dir='ltr'>ex</span> <span class='ocrx_word' id='word_1_130' title='bbox 1646 1498 1790 1536; x_wconf 84' lang='lat' dir='ltr'>iocosa</span> 
     </span>
     <span class='ocr_line' id='line_1_16' title="bbox 232 1572 1787 1623; baseline 0.001 -13"><span class='ocrx_word' id='word_1_131' title='bbox 232 1572 550 1623; x_wconf 86' lang='lat' dir='ltr'>vocabulorum,</span> <span class='ocrx_word' id='word_1_132' title='bbox 596 1574 748 1621; x_wconf 88' lang='lat' dir='ltr'>quibus</span> <span class='ocrx_word' id='word_1_133' title='bbox 791 1573 979 1612; x_wconf 87' lang='lat' dir='ltr'>Chaerea</span> <span class='ocrx_word' id='word_1_134' title='bbox 1020 1574 1146 1612; x_wconf 91' lang='lat' dir='ltr'>modo</span> <span class='ocrx_word' id='word_1_135' title='bbox 1184 1584 1288 1612; x_wconf 89' lang='lat' dir='ltr'>usus</span> <span class='ocrx_word' id='word_1_136' title='bbox 1321 1575 1398 1623; x_wconf 89' lang='lat' dir='ltr'>est,</span> <span class='ocrx_word' id='word_1_137' title='bbox 1433 1574 1608 1621; x_wconf 90' lang='lat' dir='ltr'>apparet</span> <span class='ocrx_word' id='word_1_138' title='bbox 1638 1572 1787 1621; x_wconf 89' lang='lat' dir='ltr'>repeti-</span> 
     </span>
     <span class='ocr_line' id='line_1_17' title="bbox 233 1643 1746 1697; baseline 0.001 -13"><span class='ocrx_word' id='word_1_139' title='bbox 233 1647 360 1697; x_wconf 84' lang='lat' dir='ltr'>tione,</span> <span class='ocrx_word' id='word_1_140' title='bbox 396 1658 478 1696; x_wconf 88' lang='lat' dir='ltr'>qua</span> <span class='ocrx_word' id='word_1_141' title='bbox 509 1648 720 1687; x_wconf 87' lang='lat' dir='ltr'>ludicrum</span> <span class='ocrx_word' id='word_1_142' title='bbox 752 1659 880 1687; x_wconf 90' lang='lat' dir='ltr'>suum</span> <span class='ocrx_word' id='word_1_143' title='bbox 913 1649 1139 1687; x_wconf 89' lang='lat' dir='ltr'>consilium</span> <span class='ocrx_word' id='word_1_144' title='bbox 1170 1649 1380 1687; x_wconf 89' lang='lat' dir='ltr'>Parmeno</span> <span class='ocrx_word' id='word_1_145' title='bbox 1413 1648 1686 1687; x_wconf 88' lang='lat' dir='ltr'>commendat</span> <span class='ocrx_word' id='word_1_146' title='bbox 1705 1643 1746 1694; x_wconf 76' lang='grc'>2).</span> 
     </span>
    </p>

    <p class='ocr_par' dir='ltr' id='par_1_8' title="bbox 294 1723 1583 1767">
     <span class='ocr_line' id='line_1_18' title="bbox 294 1723 1583 1767; baseline 0.005 -6"><span class='ocrx_word' id='word_1_147' title='bbox 294 1723 391 1762; x_wconf 83' lang='lat'><strong>375.</strong></span> <span class='ocrx_word' id='word_1_148' title='bbox 425 1723 478 1761; x_wconf 88' lang='lat' dir='ltr'>Et</span> <span class='ocrx_word' id='word_1_149' title='bbox 509 1723 589 1762; x_wconf 91' lang='lat' dir='ltr'>hoc</span> <span class='ocrx_word' id='word_1_150' title='bbox 615 1724 761 1763; x_wconf 89' lang='lat' dir='ltr'>adiicit</span> <span class='ocrx_word' id='word_1_151' title='bbox 793 1724 1027 1763; x_wconf 85' lang='lat' dir='ltr'>Parmeno:</span> <span class='ocrx_word' id='word_1_152' title='bbox 1579 1763 1583 1767; x_wconf 90' lang='lat'>.</span> 
     </span>
    </p>

    <p class='ocr_par' dir='ltr' id='par_1_9' title="bbox 233 1799 1761 1924">
     <span class='ocr_line' id='line_1_19' title="bbox 321 1799 1761 1850; baseline 0.001 -13"><span class='ocrx_word' id='word_1_153' title='bbox 321 1799 548 1839; x_wconf 89' lang='lat' dir='ltr'>Praeterea</span> <span class='ocrx_word' id='word_1_154' title='bbox 573 1800 712 1839; x_wconf 88' lang='lat' dir='ltr'>forma</span> <span class='ocrx_word' id='word_1_155' title='bbox 729 1802 771 1839; x_wconf 93' lang='lat' dir='ltr'>et</span> <span class='ocrx_word' id='word_1_156' title='bbox 788 1802 907 1839; x_wconf 91' lang='lat' dir='ltr'>aetas</span> <span class='ocrx_word' id='word_1_157' title='bbox 925 1801 1072 1850; x_wconf 91' lang='lat' dir='ltr'>ipsast,</span> <span class='ocrx_word' id='word_1_158' title='bbox 1091 1800 1214 1838; x_wconf 86' lang='lat' dir='ltr'>facile</span> <span class='ocrx_word' id='word_1_159' title='bbox 1231 1801 1279 1838; x_wconf 94' lang='lat' dir='ltr'>ut</span> <span class='ocrx_word' id='word_1_160' title='bbox 1295 1810 1370 1848; x_wconf 90' lang='lat' dir='ltr'>pro</span> <span class='ocrx_word' id='word_1_161' title='bbox 1388 1799 1580 1850; x_wconf 84' lang='lat' dir='ltr'>eunucho</span> <span class='ocrx_word' id='word_1_162' title='bbox 1597 1799 1761 1848; x_wconf 70' lang='lat' dir='ltr'>probes</span> 
     </span>
     <span class='ocr_line' id='line_1_20' title="bbox 233 1875 905 1924; baseline 0.003 -11"><span class='ocrx_word' id='word_1_163' title='bbox 233 1875 364 1914; x_wconf 90' lang='lat' dir='ltr'>Multo</span> <span class='ocrx_word' id='word_1_164' title='bbox 396 1876 633 1924; x_wconf 88' lang='lat' dir='ltr'>elegantius</span> <span class='ocrx_word' id='word_1_165' title='bbox 664 1877 905 1915; x_wconf 89' lang='lat' dir='ltr'>Bentleius:</span> 
     </span>
    </p>

    <p class='ocr_par' dir='ltr' id='par_1_10' title="bbox 410 1951 1615 2001">
     <span class='ocr_line' id='line_1_21' title="bbox 410 1951 1615 2001; baseline -0.001 -11"><span class='ocrx_word' id='word_1_166' title='bbox 410 1952 637 1990; x_wconf 89' lang='lat' dir='ltr'>Praeterea</span> <span class='ocrx_word' id='word_1_167' title='bbox 667 1952 807 1990; x_wconf 84' lang='lat' dir='ltr'>forma</span> <span class='ocrx_word' id='word_1_168' title='bbox 839 1953 882 1990; x_wconf 90' lang='lat' dir='ltr'>et</span> <span class='ocrx_word' id='word_1_169' title='bbox 913 1953 1055 1991; x_wconf 88' lang='lat' dir='ltr'>aetate</span> <span class='ocrx_word' id='word_1_170' title='bbox 1087 1952 1177 2000; x_wconf 86' lang='lat' dir='ltr'>ipse</span> <span class='ocrx_word' id='word_1_171' title='bbox 1210 1961 1267 2001; x_wconf 89' lang='lat' dir='ltr'>es,</span> <span class='ocrx_word' id='word_1_172' title='bbox 1301 1951 1329 1990; x_wconf 84' lang='lat' dir='ltr'>f.</span> <span class='ocrx_word' id='word_1_173' title='bbox 1363 1961 1403 1989; x_wconf 91' lang='lat' dir='ltr'>u.</span> <span class='ocrx_word' id='word_1_174' title='bbox 1436 1961 1475 2000; x_wconf 91' lang='lat' dir='ltr'>p.</span> <span class='ocrx_word' id='word_1_175' title='bbox 1509 1961 1544 1989; x_wconf 91' lang='lat' dir='ltr'>e.</span> <span class='ocrx_word' id='word_1_176' title='bbox 1576 1961 1615 1999; x_wconf 91' lang='lat' dir='ltr'>p.</span> 
     </span>
    </p>

    <p class='ocr_par' dir='ltr' id='par_1_11' title="bbox 292 2026 1788 2076">
     <span class='ocr_line' id='line_1_22' title="bbox 292 2026 1788 2076; baseline 0 -11"><span class='ocrx_word' id='word_1_177' title='bbox 292 2028 390 2066; x_wconf 83' lang='lat'><strong>378.</strong></span> <span class='ocrx_word' id='word_1_178' title='bbox 423 2027 583 2066; x_wconf 90' lang='lat' dir='ltr'>Videns</span> <span class='ocrx_word' id='word_1_179' title='bbox 615 2029 823 2075; x_wconf 86' lang='lat' dir='ltr'>quantum</span> <span class='ocrx_word' id='word_1_180' title='bbox 855 2028 1030 2076; x_wconf 89' lang='lat' dir='ltr'>periculi</span> <span class='ocrx_word' id='word_1_181' title='bbox 1062 2028 1153 2066; x_wconf 87' lang='lat' dir='ltr'>ioco</span> <span class='ocrx_word' id='word_1_182' title='bbox 1185 2037 1262 2065; x_wconf 90' lang='lat' dir='ltr'>suo</span> <span class='ocrx_word' id='word_1_183' title='bbox 1294 2027 1548 2066; x_wconf 86' lang='lat' dir='ltr'>excitaverit</span> <span class='ocrx_word' id='word_1_184' title='bbox 1578 2026 1788 2065; x_wconf 88' lang='lat' dir='ltr'>Parmeno</span> 
     </span>
    </p>

    <p class='ocr_par' dir='ltr' id='par_1_12' title="bbox 233 2103 1493 2226">
     <span class='ocr_line' id='line_1_23' title="bbox 233 2103 471 2141; baseline -0.004 0"><span class='ocrx_word' id='word_1_185' title='bbox 233 2103 471 2141; x_wconf 83' lang='lat' dir='ltr'>exclamat:</span> 
     </span>
     <span class='ocr_line' id='line_1_24' title="bbox 834 2176 1493 2226; baseline 0.002 -11"><span class='ocrx_word' id='word_1_186' title='bbox 834 2176 957 2226; x_wconf 88' lang='lat' dir='ltr'>Perii,</span> <span class='ocrx_word' id='word_1_187' title='bbox 992 2177 1092 2225; x_wconf 87' lang='lat' dir='ltr'>quid</span> <span class='ocrx_word' id='word_1_188' title='bbox 1123 2187 1200 2226; x_wconf 92' lang='lat' dir='ltr'>ego</span> <span class='ocrx_word' id='word_1_189' title='bbox 1233 2177 1299 2225; x_wconf 87' lang='lat' dir='ltr'>egi</span> <span class='ocrx_word' id='word_1_190' title='bbox 1330 2177 1493 2216; x_wconf 83' lang='lat' dir='ltr'>miser?</span> 
     </span>
    </p>

    <p class='ocr_par' dir='ltr' id='par_1_13' title="bbox 233 2251 1789 2369">
     <span class='ocr_line' id='line_1_25' title="bbox 233 2251 1789 2300; baseline -0.001 -8"><span class='ocrx_word' id='word_1_191' title='bbox 233 2253 313 2292; x_wconf 91' lang='lat' dir='ltr'>Hic</span> <span class='ocrx_word' id='word_1_192' title='bbox 354 2254 533 2292; x_wconf 89' lang='lat' dir='ltr'>minime</span> <span class='ocrx_word' id='word_1_193' title='bbox 571 2253 757 2291; x_wconf 90' lang='lat' dir='ltr'>abundat</span> <span class='ocrx_word' id='word_1_194' title='bbox 789 2263 907 2300; x_wconf 92' lang='lat' dir='ltr'>ego:</span> <span class='ocrx_word' id='word_1_195' title='bbox 942 2262 989 2290; x_wconf 93' lang='lat' dir='ltr'>eo</span> <span class='ocrx_word' id='word_1_196' title='bbox 1022 2253 1138 2291; x_wconf 89' lang='lat' dir='ltr'>enim</span> <span class='ocrx_word' id='word_1_197' title='bbox 1169 2252 1332 2291; x_wconf 90' lang='lat' dir='ltr'>adiecto</span> <span class='ocrx_word' id='word_1_198' title='bbox 1364 2252 1500 2291; x_wconf 90' lang='lat' dir='ltr'>multo</span> <span class='ocrx_word' id='word_1_199' title='bbox 1531 2251 1581 2291; x_wconf 89' lang='lat' dir='ltr'>fit</span> <span class='ocrx_word' id='word_1_200' title='bbox 1610 2252 1789 2291; x_wconf 86' lang='lat' dir='ltr'>flebilior</span> 
     </span>
     <span class='ocr_line' id='line_1_26' title="bbox 233 2330 528 2369; baseline 0 -1"><span class='ocrx_word' id='word_1_201' title='bbox 233 2331 347 2369; x_wconf 87' lang='lat' dir='ltr'>servi</span> <span class='ocrx_word' id='word_1_202' title='bbox 380 2330 528 2368; x_wconf 89' lang='lat' dir='ltr'>oratio.</span> 
     </span>
    </p>
   </div>
   <div class='ocr_carea' id='block_1_5' title="bbox 292 2404 1862 2454">
    <p class='ocr_par' dir='ltr' id='par_1_14' title="bbox 292 2404 1862 2454">
     <span class='ocr_line' id='line_1_27' title="bbox 292 2404 1862 2454; baseline -0.001 -11"><span class='ocrx_word' id='word_1_203' title='bbox 292 2406 389 2444; x_wconf 84' lang='lat'><strong>379.</strong></span> <span class='ocrx_word' id='word_1_204' title='bbox 427 2405 542 2454; x_wconf 78' lang='lat' dir='ltr'>„Quo</span> <span class='ocrx_word' id='word_1_205' title='bbox 569 2405 706 2443; x_wconf 90' lang='lat' dir='ltr'>trudis</span> <span class='ocrx_word' id='word_1_206' title='bbox 718 2405 765 2443; x_wconf 88' lang='lat'>?&#39;&#39;</span> <span class='ocrx_word' id='word_1_207' title='bbox 794 2406 928 2453; x_wconf 88' lang='lat' dir='ltr'>rogat.</span> <span class='ocrx_word' id='word_1_208' title='bbox 956 2405 1022 2443; x_wconf 84' lang='lat' dir='ltr'>Ad</span> <span class='ocrx_word' id='word_1_209' title='bbox 1049 2405 1155 2443; x_wconf 87' lang='lat' dir='ltr'>haec</span> <span class='ocrx_word' id='word_1_210' title='bbox 1181 2404 1311 2443; x_wconf 86' lang='lat' dir='ltr'>verba</span> <span class='ocrx_word' id='word_1_211' title='bbox 1337 2404 1551 2452; x_wconf 84' lang='lat' dir='ltr'>egregiam</span> <span class='ocrx_word' id='word_1_212' title='bbox 1578 2404 1788 2454; x_wconf 82' lang='lat' dir='ltr'>habemus</span> <span class='ocrx_word' id='word_1_213' title='bbox 1842 2406 1862 2433; x_wconf 64' lang='lat' dir='ltr'><em>f</em></span> 
     </span>
    </p>
   </div>
   <div class='ocr_carea' id='block_1_6' title="bbox 233 2478 1787 2529">
    <p class='ocr_par' dir='ltr' id='par_1_15' title="bbox 233 2478 1787 2529">
     <span class='ocr_line' id='line_1_28' title="bbox 233 2478 1787 2529; baseline -0.001 -10"><span class='ocrx_word' id='word_1_214' title='bbox 233 2481 496 2519; x_wconf 68' lang='lat' dir='ltr'>scholiastae</span> <span class='ocrx_word' id='word_1_215' title='bbox 539 2481 882 2519; x_wconf 89' lang='lat' dir='ltr'>annotationem:</span> <span class='ocrx_word' id='word_1_216' title='bbox 925 2480 1124 2529; x_wconf 81' lang='lat' dir='ltr'>„Comici</span> <span class='ocrx_word' id='word_1_217' title='bbox 1154 2490 1323 2528; x_wconf 81' lang='lat' dir='ltr'>semper</span> <span class='ocrx_word' id='word_1_218' title='bbox 1355 2490 1404 2518; x_wconf 92' lang='lat' dir='ltr'>ea</span> <span class='ocrx_word' id='word_1_219' title='bbox 1435 2480 1666 2518; x_wconf 91' lang='lat' dir='ltr'>ostendunt</span> <span class='ocrx_word' id='word_1_220' title='bbox 1695 2478 1787 2518; x_wconf 88' lang='lat' dir='ltr'>fieri</span> 
     </span>
    </p>
   </div>
   <div class='ocr_carea' id='block_1_7' title="bbox 231 2632 1786 2980">
    <p class='ocr_par' dir='ltr' id='par_1_16' title="bbox 270 2632 1129 2667">
     <span class='ocr_line' id='line_1_29' title="bbox 270 2632 1129 2667; baseline 0 -7"><span class='ocrx_word' id='word_1_221' title='bbox 270 2634 290 2667; x_wconf 91' lang='lat'>¹)</span> <span class='ocrx_word' id='word_1_222' title='bbox 310 2632 430 2660; x_wconf 87' lang='lat' dir='ltr'>Eodem</span> <span class='ocrx_word' id='word_1_223' title='bbox 450 2632 580 2667; x_wconf 80' lang='lat' dir='ltr'>spectat</span> <span class='ocrx_word' id='word_1_224' title='bbox 598 2632 771 2661; x_wconf 79' lang='lat' dir='ltr'>annotatio</span> <span class='ocrx_word' id='word_1_225' title='bbox 791 2632 831 2660; x_wconf 84' lang='lat' dir='ltr'>ad</span> <span class='ocrx_word' id='word_1_226' title='bbox 852 2632 991 2667; x_wconf 88' lang='lat' dir='ltr'>Adelph.</span> <span class='ocrx_word' id='word_1_227' title='bbox 1010 2633 1063 2660; x_wconf 80' lang='lat'>648</span> <span class='ocrx_word' id='word_1_228' title='bbox 1082 2639 1129 2666; x_wconf 87' lang='lat' dir='ltr'>sq.</span> 
     </span>
    </p>

    <p class='ocr_par' dir='ltr' id='par_1_17' title="bbox 231 2683 1786 2921">
     <span class='ocr_line' id='line_1_30' title="bbox 268 2683 1786 2719; baseline -0.001 -6"><span class='ocrx_word' id='word_1_229' title='bbox 268 2686 291 2719; x_wconf 78' lang='grc'>2)</span> <span class='ocrx_word' id='word_1_230' title='bbox 311 2684 480 2719; x_wconf 82' lang='lat' dir='ltr'>Simulque</span> <span class='ocrx_word' id='word_1_231' title='bbox 511 2684 570 2712; x_wconf 88' lang='lat' dir='ltr'>illa</span> <span class='ocrx_word' id='word_1_232' title='bbox 603 2685 797 2718; x_wconf 85' lang='lat' dir='ltr'>argumento</span> <span class='ocrx_word' id='word_1_233' title='bbox 832 2685 884 2712; x_wconf 87' lang='lat' dir='ltr'>est</span> <span class='ocrx_word' id='word_1_234' title='bbox 925 2684 1113 2713; x_wconf 88' lang='lat' dir='ltr'>sententiae</span> <span class='ocrx_word' id='word_1_235' title='bbox 1146 2683 1244 2711; x_wconf 89' lang='lat' dir='ltr'>modo</span> <span class='ocrx_word' id='word_1_236' title='bbox 1281 2690 1301 2711; x_wconf 89' lang='lat' dir='ltr'>a</span> <span class='ocrx_word' id='word_1_237' title='bbox 1329 2690 1381 2711; x_wconf 87' lang='lat' dir='ltr'>me</span> <span class='ocrx_word' id='word_1_238' title='bbox 1409 2683 1572 2718; x_wconf 86' lang='lat' dir='ltr'>prolatae:</span> <span class='ocrx_word' id='word_1_239' title='bbox 1601 2683 1786 2712; x_wconf 83' lang='lat' dir='ltr'>Terentii</span> 
     </span>
     <span class='ocr_line' id='line_1_31' title="bbox 231 2734 1786 2765; baseline -0.001 -1"><span class='ocrx_word' id='word_1_240' title='bbox 231 2735 294 2764; x_wconf 85' lang='lat' dir='ltr'>hoc</span> <span class='ocrx_word' id='word_1_241' title='bbox 321 2743 395 2765; x_wconf 86' lang='lat' dir='ltr'>esse</span> <span class='ocrx_word' id='word_1_242' title='bbox 422 2735 597 2765; x_wconf 85' lang='lat' dir='ltr'>inventum</span> <span class='ocrx_word' id='word_1_243' title='bbox 625 2737 664 2764; x_wconf 81' lang='lat' dir='ltr'>ut</span> <span class='ocrx_word' id='word_1_244' title='bbox 692 2736 854 2764; x_wconf 84' lang='lat' dir='ltr'>Chaereae</span> <span class='ocrx_word' id='word_1_245' title='bbox 884 2736 979 2764; x_wconf 83' lang='lat' dir='ltr'>dolus</span> <span class='ocrx_word' id='word_1_246' title='bbox 1009 2743 1026 2764; x_wconf 88' lang='lat' dir='ltr'>e</span> <span class='ocrx_word' id='word_1_247' title='bbox 1055 2735 1192 2764; x_wconf 84' lang='lat' dir='ltr'>consilio</span> <span class='ocrx_word' id='word_1_248' title='bbox 1224 2742 1244 2763; x_wconf 91' lang='lat' dir='ltr'>a</span> <span class='ocrx_word' id='word_1_249' title='bbox 1263 2734 1467 2763; x_wconf 84' lang='lat' dir='ltr'>Parmenone</span> <span class='ocrx_word' id='word_1_250' title='bbox 1485 2734 1614 2763; x_wconf 84' lang='lat' dir='ltr'>iocante</span> <span class='ocrx_word' id='word_1_251' title='bbox 1633 2734 1713 2764; x_wconf 85' lang='lat' dir='ltr'>dato</span> <span class='ocrx_word' id='word_1_252' title='bbox 1731 2742 1786 2763; x_wconf 90' lang='lat' dir='ltr'>na-</span> 
     </span>
     <span class='ocr_line' id='line_1_32' title="bbox 233 2786 1786 2823; baseline -0.001 -7"><span class='ocrx_word' id='word_1_253' title='bbox 233 2789 352 2816; x_wconf 85' lang='lat' dir='ltr'>scatur.</span> <span class='ocrx_word' id='word_1_254' title='bbox 388 2788 473 2816; x_wconf 87' lang='lat' dir='ltr'>Nam</span> <span class='ocrx_word' id='word_1_255' title='bbox 510 2787 661 2816; x_wconf 86' lang='lat' dir='ltr'>miraculi</span> <span class='ocrx_word' id='word_1_256' title='bbox 697 2787 805 2817; x_wconf 85' lang='lat' dir='ltr'>instar</span> <span class='ocrx_word' id='word_1_257' title='bbox 843 2787 890 2816; x_wconf 88' lang='lat' dir='ltr'>sit</span> <span class='ocrx_word' id='word_1_258' title='bbox 916 2788 1020 2817; x_wconf 80' lang='lat' dir='ltr'>istam</span> <span class='ocrx_word' id='word_1_259' title='bbox 1047 2787 1225 2816; x_wconf 84' lang='lat' dir='ltr'>verborum</span> <span class='ocrx_word' id='word_1_260' title='bbox 1252 2786 1491 2823; x_wconf 79' lang='lat' dir='ltr'>repetitionem,</span> <span class='ocrx_word' id='word_1_261' title='bbox 1519 2787 1664 2815; x_wconf 75' lang='lat' dir='ltr'>mutatis</span> <span class='ocrx_word' id='word_1_262' title='bbox 1687 2787 1786 2816; x_wconf 82' lang='lat' dir='ltr'>modo</span> 
     </span>
     <span class='ocr_line' id='line_1_33' title="bbox 231 2838 1786 2875; baseline 0.001 -8"><span class='ocrx_word' id='word_1_263' title='bbox 231 2840 390 2875; x_wconf 87' lang='lat' dir='ltr'>personis,</span> <span class='ocrx_word' id='word_1_264' title='bbox 426 2840 494 2868; x_wconf 90' lang='lat' dir='ltr'>iam</span> <span class='ocrx_word' id='word_1_265' title='bbox 530 2840 566 2867; x_wconf 91' lang='lat' dir='ltr'>in</span> <span class='ocrx_word' id='word_1_266' title='bbox 604 2839 726 2868; x_wconf 84' lang='lat' dir='ltr'>Graeco</span> <span class='ocrx_word' id='word_1_267' title='bbox 759 2839 939 2875; x_wconf 86' lang='lat' dir='ltr'>exemplari</span> <span class='ocrx_word' id='word_1_268' title='bbox 974 2839 1086 2875; x_wconf 84' lang='lat' dir='ltr'>fuisse,</span> <span class='ocrx_word' id='word_1_269' title='bbox 1123 2838 1279 2872; x_wconf 84' lang='lat' dir='ltr'>illamque</span> <span class='ocrx_word' id='word_1_270' title='bbox 1316 2838 1488 2867; x_wconf 79' lang='lat' dir='ltr'>Terentius</span> <span class='ocrx_word' id='word_1_271' title='bbox 1507 2860 1509 2862; x_wconf 85' lang='lat'>.</span> <span class='ocrx_word' id='word_1_272' title='bbox 1527 2839 1604 2867; x_wconf 88' lang='lat' dir='ltr'>dum</span> <span class='ocrx_word' id='word_1_273' title='bbox 1633 2839 1786 2869; x_wconf 69' lang='lat' dir='ltr'>verteret,</span> 
     </span>
     <span class='ocr_line' id='line_1_34' title="bbox 232 2892 993 2921; baseline -0.001 -1"><span class='ocrx_word' id='word_1_274' title='bbox 232 2892 510 2920; x_wconf 83' lang='lat' dir='ltr'>venustissimum</span> <span class='ocrx_word' id='word_1_275' title='bbox 529 2892 617 2920; x_wconf 89' lang='lat' dir='ltr'>hune</span> <span class='ocrx_word' id='word_1_276' title='bbox 635 2893 753 2921; x_wconf 85' lang='lat' dir='ltr'>natum</span> <span class='ocrx_word' id='word_1_277' title='bbox 773 2892 993 2920; x_wconf 81' lang='lat' dir='ltr'>octonarium:</span> 
     </span>
    </p>

    <p class='ocr_par' dir='ltr' id='par_1_18' title="bbox 269 2942 1319 2980">
     <span class='ocr_line' id='line_1_35' title="bbox 269 2942 1319 2980; baseline 0 -9"><span class='ocrx_word' id='word_1_278' title='bbox 269 2943 382 2971; x_wconf 86' lang='lat' dir='ltr'>Cibum</span> <span class='ocrx_word' id='word_1_279' title='bbox 402 2951 468 2971; x_wconf 85' lang='lat' dir='ltr'>uua</span> <span class='ocrx_word' id='word_1_280' title='bbox 487 2944 606 2979; x_wconf 84' lang='lat' dir='ltr'>capias,</span> <span class='ocrx_word' id='word_1_281' title='bbox 626 2943 726 2980; x_wconf 79' lang='lat' dir='ltr'>adsis,</span> <span class='ocrx_word' id='word_1_282' title='bbox 744 2944 874 2980; x_wconf 80' lang='lat' dir='ltr'>tangas,</span> <span class='ocrx_word' id='word_1_283' title='bbox 891 2943 996 2979; x_wconf 82' lang='lat' dir='ltr'>ludas,</span> <span class='ocrx_word' id='word_1_284' title='bbox 1014 2943 1147 2977; x_wconf 82' lang='lat' dir='ltr'>propter</span> <span class='ocrx_word' id='word_1_285' title='bbox 1165 2942 1319 2977; x_wconf 73' lang='lat' dir='ltr'>dormias,</span> 
     </span>
    </p>
   </div>
  </div>
 </body>
</html>
