2002 3464
1091 350 1172 388 138

410 484 473 512 vs.
524 474 593 512 30.
642 473 893 522 Pamphilus
939 472 1172 512 Charinum
1214 473 1296 512 sibi
1336 475 1498 523 gratias
1540 485 1664 523 agere
1704 475 1826 514 vetat
1864 474 1907 515 id

351 549 537 598 facienti,
571 549 681 597 quod
713 558 798 587 non
829 549 945 587 illius
977 549 1051 588 sed
1083 559 1162 588 sua
1193 559 1323 589 causa
1353 550 1494 599 faciat,
1528 550 1596 589 his
1627 550 1788 590 verbis:

470 625 568 673 Ego,
604 623 797 674 Charine,
831 625 1083 673 neutiquam
1110 624 1296 664 officium
1322 626 1443 664 liberi
1471 636 1565 664 esse
1591 625 1780 664 hominis
1804 626 1908 675 puto

470 699 576 739 Cum
609 700 645 737 is
677 699 783 738 nihil
814 701 1057 748 promereat
1087 700 1303 748 postulare
1335 701 1376 740 id
1408 701 1571 749 gratiae
1598 701 1752 749 apponi
1783 700 1888 740 sibi·

351 775 517 814 Ultima
547 775 761 823 Pamphili
795 775 923 814 verba
955 785 980 814 a
1011 775 1251 814 Scholiasta
1272 776 1334 815 sic
1360 776 1615 814 redduntur:
1648 775 1767 825 „Non
1792 775 1908 815 enim

351 850 414 889 tui
456 860 586 889 causa
627 850 754 900 fugio,
789 851 910 900 quod,
944 850 1194 899 priusquam
1225 861 1296 890 me
1327 852 1507 900 peteres,
1539 851 1680 899 magis
1710 850 1933 891 nolebam-

351 926 503 965 ducere
545 936 675 973 quam
706 927 754 964 tu
786 926 947 974 cupis.”
981 926 1129 974 Inepte
1151 936 1185 964 a
1217 926 1493 975 compilatore
1523 925 1592 964 vel
1623 925 1764 965 scriba
1793 920 1909 965 istud
1979 935 1981 938 ·

352 1002 552 1040 ducere
595 1002 787 1040 additum
830 1003 908 1051 est,
943 1012 1024 1050 quo
1057 1002 1166 1050 quod
1199 1002 1242 1041 in
1273 1002 1524 1041 universum
1556 1001 1719 1040 dictum
1751 1002 1819 1040 est
1849 1000 1908 1040 in-

351 1077 609 1125 tempestive
641 1077 694 1115 ad
725 1078 998 1125 praesentem
1030 1080 1179 1116 casum
1212 1077 1486 1116 convertitur.
1514 1077 1573 1116 Eo
1600 1077 1747 1115 autem
1774 1075 1909 1116 eiecto

351 1152 480 1191 verbo
521 1152 647 1190 lectio
688 1152 880 1191 nascitur
921 1163 1030 1200 quae
1071 1153 1264 1201 praestat
1305 1152 1569 1202 Klotzianae,
1612 1151 1713 1191 licet
1753 1152 1796 1190 et
1835 1150 1910 1190 illa

351 1237 507 1266 sanum
534 1238 712 1266 sensum
738 1228 962 1276 praebeat;
992 1229 1058 1267 est
1084 1227 1199 1266 enim
1226 1228 1543 1267 huiuscemodi:
1576 1237 1686 1277 „non
1713 1226 1830 1266 enim
1844 1226 1909 1266 tui

352 1313 482 1341 causa
532 1303 647 1351 fugio
691 1313 861 1352 quam,
904 1303 1154 1352 priusquam
1196 1313 1266 1342 me
1307 1304 1486 1352 peteres,
1530 1302 1671 1351 magis
1711 1301 1910 1342 nolebam

352 1378 504 1417 ducere
535 1388 666 1426 quam
697 1379 745 1417 tu
777 1378 937 1427 oupiS.”

412 1530 464 1579 II,
510 1530 547 1568 2.
590 1530 749 1568 Scenae
790 1529 868 1568 hoc
910 1529 1201 1578 praemittitur
1232 1529 1444 1568 scholion:
1481 1529 1624 1578 „Haec
1654 1538 1784 1568 scena
1813 1538 1907 1568 con-

351 1606 497 1644 silium
540 1605 731 1644 continet
770 1615 1063 1654 personarum,
1108 1605 1160 1643 ad
1202 1615 1308 1652 quas
1349 1604 1542 1643 maxime
1572 1604 1758 1653 pertinet
1788 1613 1908 1653 argu-

351 1682 560 1719 mentum.
594 1681 647 1719 Et
678 1680 747 1719 hic
780 1682 847 1718 est
876 1680 1008 1730 locus,
1037 1680 1081 1718 in
1107 1690 1202 1729 quo,
1231 1681 1280 1718 ut
1305 1678 1397 1718 fieri
1423 1679 1544 1729 solet,
1573 1679 1745 1718 fortuna
1769 1679 1911 1718 mixta

350 1757 477 1795 rebus
519 1756 738 1804 dispositis
779 1766 961 1804 magnas
1002 1755 1150 1794 turbas
1182 1755 1296 1794 dat.”
1332 1754 1450 1804 Quid,
1484 1755 1670 1804 obsecro,
1704 1755 1771 1794 est
1804 1754 1908 1804 „for-

351 1833 456 1870 tuna
497 1831 639 1870 mixta
679 1831 806 1870 rebus
849 1831 1131 1879 dispositis”?
1171 1830 1331 1869 Verum
1373 1840 1448 1879 pro
1480 1829 1785 1878 dispositis
1816 1829 1909 1879 lege

352 1907 651 1946 emendatione
711 1907 936 1945 lenissima
997 1906 1343 1955 desperatis,
1402 1905 1678 1954 aptissimum
1733 1904 1910 1944 habebis

351 1992 504 2021 scenae
547 1983 864 2030 argumentum.
907 1982 1131 2030 Pamphilo
1167 1991 1422 2030 persuasum
1455 1982 1522 2020 est
1552 1991 1599 2020 se
1631 1981 1828 2020 coactum
1857 1979 1911 2019 iri
1972 1980 1975 1982 “

346 2058 504 2100 ‚ducere
545 2067 726 2095 uxorem
769 2067 898 2105 quam
938 2057 1118 2095 minime
1160 2056 1277 2106 velit,
1322 2056 1504 2096 Charino
1534 2055 1617 2094 sibi
1647 2054 1909 2094 invitissimo

350 2133 470 2171 illam
513 2132 652 2182 ipsam
694 2134 890 2181 ereptum
931 2132 995 2171 iri.
1040 2132 1257 2181 Quomodo
1298 2131 1422 2170 triste
1463 2131 1567 2170 illud
1603 2130 1743 2170 fatum
1772 2129 1911 2179 fugiat

351 2209 502 2247 neuter
540 2208 680 2256 videt;
723 2208 841 2246 nulla
882 2209 970 2247 iam
1002 2218 1101 2256 spes
1133 2209 1211 2257 est,
1246 2217 1344 2246 oum
1377 2207 1518 2245 subito
1549 2206 1701 2263 Davus
1726 2205 1910 2245 accurrit

350 2284 511 2322 laetam
538 2294 631 2323 rem
657 2284 874 2333 nuntians,
904 2284 975 2332 qui
1002 2284 1179 2322 nuntius
1201 2292 1411 2321 novarum
1427 2282 1651 2320 turbarum
1668 2281 1750 2320 erit
1765 2290 1907 2321 causa.

351 2360 598 2398 Fortuna
629 2361 776 2398 autem
808 2359 852 2397 in
884 2359 1045 2398 scholio
1077 2359 1121 2397 in
1152 2358 1376 2396 meliorem
1407 2358 1575 2405 partem
1607 2357 1674 2396 est
1704 2355 1908 2406 accipien-

351 2436 454 2474 dum
487 2435 676 2484 (laetitia,
710 2435 825 2474 laeta
856 2437 951 2481 res).

410 2510 469 2549 De
486 2520 614 2549 versu
648 2511 672 2548 2
693 2521 700 2548 :

470 2585 529 2624 Ut
545 2586 725 2635 metum,
747 2586 790 2623 in
807 2595 889 2633 quo
906 2595 1020 2623 nunc
1037 2586 1114 2634 est,
1135 2584 1336 2633 adimam,
1356 2585 1483 2632 atque
1500 2583 1698 2632 expleam
1715 2582 1909 2621 animum

1679 2657 1849 2707 [gaudio

346 2731 625 2776 observatur:
673 2737 844 2785 „ordine
884 2736 1053 2775 locutus
1089 2736 1176 2774 est:
1210 2735 1327 2783 prius
1360 2735 1475 2773 enim
1506 2735 1674 2773 metum
1705 2733 1905 2781 adimere,

352 2812 414 2850 sic
441 2812 615 2850 demum
642 2812 795 2860 gaudio
822 2812 1072 2860 perfundere
1087 2810 1183 2848 :hio
1200 2810 1299 2849 ordo
1317 2809 1450 2848 etiam
1467 2810 1510 2848 in
1526 2809 1651 2848 laude
1667 2808 1905 2847 servatur.”

354 2887 471 2936 Quid,
517 2897 686 2935 quaeso,
730 2887 885 2926 ultima
925 2887 1053 2925 haec:
1096 2886 1185 2925 hic
1224 2907 1276 2913 —
1309 2885 1574 2924 servatur
1615 2883 1695 2924 sibi
1715 2881 1908 2924 volunt?
