2002 3464
888 404 969 443 113

169 533 317 572 autem
349 531 574 571 hominem
606 530 884 580 agnoscimus
916 531 1126 570 vocabulo
1159 532 1224 581 et,
1259 531 1369 579 quod
1401 531 1494 570 loco
1521 530 1653 569 citato
1681 532 1749 569 est

167 607 487 658 praemissum).
522 607 830 656 sed-praestat
861 608 1006 656 ipsum
1033 597 1178 647 virum
1210 608 1514 647 doctissimum
1546 607 1715 647 audire:

231 683 296 734 „A
335 684 439 724 base
480 683 590 722 delle
632 683 822 722 ricerche
855 683 895 722 io
931 684 1069 722 vorrei
1101 684 1271 732 dunque
1303 684 1333 723 il
1364 684 1582 733 postulato
1614 684 1657 723 di
1688 694 1748 722 un

167 759 259 799 solo
285 759 533 799 commento
561 757 805 807 originario.
836 758 997 808 Questo
1025 761 1272 799 commento
1300 760 1452 799 scritto
1479 770 1531 799 su
1557 770 1616 798 un
1632 761 1746 799 testo

167 835 370 876 continuo
401 835 447 874 fu
476 834 748 874 variamente
780 834 1025 883 ingrossato
1053 835 1108 874 da
1135 837 1236 875 note
1262 836 1504 886 marginali,
1534 846 1610 876 ora
1635 836 1745 885 pole-

166 910 310 951 miche
356 910 482 957 (serie
523 913 648 960 ego),
693 921 769 950 ora
809 910 1072 950 illustrative
1115 912 1240 957 (serie
1283 914 1349 958 et)
1393 923 1416 951 e
1458 913 1604 952 simili.
1638 911 1746 950 Dall'

167 987 277 1028 altro
317 987 444 1026 canto
485 984 570 1026 uno
594 986 798 1026 studioso
830 988 1078 1035 transporto
1111 998 1186 1036 per
1217 988 1386 1037 proprio
1423 999 1514 1038 uso,
1550 998 1746 1037 compen-

165 1062 365 1114 diandoli,
407 1062 467 1112 gli
501 1063 624 1102 scolii
657 1062 699 1101 di
731 1062 900 1102 Donato
932 1063 1000 1102 sui
1032 1064 1219 1112 margini
1267 1065 1309 1103 di
1341 1075 1399 1103 un
1432 1065 1576 1104 codice
1607 1067 1745 1105 teren-

167 1139 314 1180 ziano:
346 1139 489 1189 questi
521 1139 618 1179 soni
645 1140 659 1178 i
687 1140 899 1189 doppioni.
927 1140 1077 1179 Venne
1104 1141 1158 1179 da
1185 1141 1340 1180 ultimo
1367 1153 1426 1180 un
1453 1143 1746 1193 compilatore,

166 1216 196 1256 il
237 1204 362 1266 quale
401 1216 456 1255 da
485 1226 545 1255 un
577 1217 692 1255 testo
725 1216 928 1255 continuo
961 1217 1193 1256 donatiano
1227 1218 1315 1256 cosi
1347 1218 1592 1267 ingrossato
1625 1230 1647 1258 e
1680 1220 1749 1259 dai

164 1278 358 1342 margini
393 1292 434 1332 di
475 1303 535 1332 un
567 1292 711 1332 codice
743 1292 993 1332 terenziano
1027 1294 1189 1342 coperti
1222 1294 1264 1332 di
1297 1294 1496 1343 doppioni
1529 1295 1749 1335 donatiani

165 1367 409 1408 raffazzono
450 1369 493 1408 la
525 1369 758 1408 collezione
791 1369 869 1408 che
902 1369 1044 1408 arrivo
1076 1368 1164 1409 fina
1196 1381 1221 1409 a
1253 1370 1347 1419 noi;
1381 1371 1702 1411 naturalmente
1736 1373 1750 1410 i

165 1444 366 1495 doppioni
406 1446 639 1495 marginali
682 1446 750 1484 del
793 1446 937 1485 codice
979 1446 1228 1485 terenziano
1271 1447 1494 1486 dovevano
1533 1458 1661 1487 avere
1692 1459 1751 1487 un

165 1522 474 1571 contrassegno
507 1524 560 1571 (p.
580 1532 616 1562 e.
650 1521 698 1561 D.
717 1521 1015 1571 :Donatus),
1051 1523 1121 1561 dal
1153 1523 1280 1571 quale
1313 1523 1396 1572 egli
1423 1524 1539 1563 fosse
1567 1524 1749 1563 autoriz-

158 1598 264 1638 ‘zat-,0
295 1598 350 1638 ad
381 1598 624 1648 accoglierli
655 1600 771 1638 sotto
803 1599 833 1637 il
865 1598 990 1638 titolo
1022 1599 1065 1638 di
1096 1598 1307 1639 Donato.”

225 1673 375 1714 Gratia
404 1674 498 1714 viro
530 1674 921 1724 praestantissimo,
957 1676 1029 1723 qui
1056 1676 1234 1714 tandem
1262 1676 1491 1725 aliquando
1521 1678 1564 1716 et
1591 1678 1750 1716 diserte

165 1749 463 1800 pronuntiavit
499 1751 543 1790 et
575 1750 744 1799 egregie
777 1751 1093 1790 demonstravit
1127 1752 1239 1799 quod
1271 1752 1413 1800 quivis
1446 1755 1749 1793 commentarii

165 1826 302 1865 lector
345 1835 500 1865 verum
547 1836 643 1864 esse
690 1826 865 1864 sentiat.
911 1826 1084 1865 Etenim
1129 1827 1244 1866 haud
1286 1828 1412 1876 dubie
1454 1828 1561 1868 haec
1603 1831 1750 1869 omnia

166 1903 404 1942 evenerunt
434 1911 544 1951 quae
577 1901 808 1940 Sabbadini
841 1903 1090 1941 enumerat:
1120 1904 1274 1942 auctae
1300 1905 1403 1943 sunt
1430 1906 1745 1956 annotationes,

167 1978 468 2029 amplificatae,
518 1978 774 2027 illustratae,
824 1979 1066 2028 excerptae,
1117 1979 1300 2028 denique
1342 1979 1386 2018 in
1428 1991 1564 2019 unum
1606 1981 1750 2021 locum

167 2047 387 2095 coniectae
414 2064 579 2094 omnes.
609 2053 838 2104 Quaeritur
865 2064 979 2093 nunc
1006 2065 1216 2095 verumne
1242 2056 1324 2095 hoc
1351 2067 1518 2105 quoque
1545 2058 1615 2108 sit,
1640 2059 1751 2106 quod

167 2131 335 2182 statuit,
380 2131 433 2171 ab
470 2130 594 2170 initio
636 2140 773 2169 unum
816 2130 952 2169 fuisse
995 2131 1212 2182 nucleum,
1248 2142 1270 2171 e
1303 2143 1386 2181 quo
1418 2134 1537 2172 totus
1569 2135 1754 2173 creverit

168 2207 521 2257 commentarius,
565 2208 797 2256 postquam
840 2207 1104 2246 accesserint
1146 2208 1231 2247 alia
1273 2209 1426 2259 multa,
1462 2208 1571 2257 quae
1602 2211 1751 2249 tamen

169 2293 226 2322 ex
265 2283 418 2323 eodem
459 2283 611 2322 nucleo
653 2283 869 2322 traxerint
906 2284 1131 2333 originem.
1165 2284 1258 2324 Hoc
1291 2287 1451 2336 autem,
1486 2287 1535 2325 ut
1567 2286 1751 2335 ingenue

167 2358 318 2409 fatear,
351 2359 463 2398 mihi
494 2359 620 2408 plane
652 2358 824 2398 videtur
856 2359 1117 2400 incredibile.
1152 2360 1316 2400 Censeo
1350 2362 1466 2400 enim
1499 2364 1629 2410 atque
1661 2373 1750 2411 per-

169 2434 478 2474 suasissimum
534 2434 672 2474 habeo
729 2436 805 2474 aut
862 2435 969 2474 duos
1015 2435 1217 2485 pluresve
1263 2437 1398 2476 fuisse
1447 2439 1749 2478 commentarii

168 2509 358 2559 nucleos,
401 2511 479 2550 aut
521 2533 574 2538 --
618 2512 748 2559 atque
791 2511 835 2550 in
877 2511 989 2550 hanc
1030 2512 1172 2561 magis
1204 2512 1362 2552 inclino
1395 2514 1660 2554 sententiam
1697 2538 1750 2566 —1

168 2586 306 2625 veteri
353 2586 678 2636 commentario,
727 2587 799 2635 qui
846 2588 889 2626 in
937 2597 984 2626 se
1025 2587 1157 2627 fuerit
1197 2589 1312 2627 teres
1355 2591 1484 2638 atque
1525 2592 1747 2641 rotundus,

170 2661 362 2701 adiectas
395 2672 491 2701 6666
523 2663 826 2702 annotationes
858 2664 1147 2703 diversissimi
1179 2665 1362 2715 generiS,
1397 2666 1490 2704 sive
1522 2668 1571 2705 ut
1601 2668 1750 2716 paucis

169 2738 315 2778 verbis
356 2738 472 2777 idem
503 2738 767 2788 significem:
802 2740 1180 2790 commentarium,
1215 2751 1343 2789 quem
1376 2752 1490 2780 nunc
1522 2742 1746 2792 habemus,
1774 2760 1778 2764 >

171 2825 194 2854 e
235 2815 417 2854 variis
460 2816 658 2854 constare
700 2815 1022 2855 elementis
1068 2816 1291 2856 Habemus
1329 2818 1446 2856 enim
1477 2819 1648 2866 praeter
1681 2819 1748 2857 ob-

170 2892 440 2931 servationes
473 2891 570 2930 illas
602 2893 822 2940 quantivis
852 2893 991 2942 pretii,
1026 2894 1211 2942 scriptas
1243 2894 1295 2933 ab
1323 2905 1372 2933 eo
1400 2895 1471 2943 qui
1498 2895 1748 2934 Terentium

171 2978 257 3007 non
289 2968 373 3016 legi
401 2968 543 3006 solum
570 2969 644 3006 sed
673 2970 727 3018 et,
758 2971 969 3016 quantum
994 2964 1194 3008 eius'fieri
1212 2972 1371 3020 posset,
1391 2971 1576 3019 spectari
1594 2971 1747 3009 vellet:

1624 3042 1643 3070 8
