2002 3464
965 385 1020 423 79

262 511 344 551 Hic
385 510 529 563 verbis
569 509 893 560 superbissimis
930 510 1115 549 exitium
1146 509 1312 549 homini
1343 510 1536 549 minatur
1567 509 1778 548 Phaedria

202 587 241 626 si
271 597 465 636 unquam
495 586 676 636 posthac
708 587 808 625 ante
841 586 1016 625 Thaidis
1048 586 1175 625 aedes
1208 587 1463 635 conspectus
1495 586 1637 625 fuerit.
1666 586 1776 625 Tum

203 663 392 703 Gnatho:
439 662 562 712 „heia
598 662 713 701 haud
745 662 807 701 sic
839 644 1003 701 decet.’''
1036 662 1176 701 Heia
1206 662 1360 701 leniter
1391 662 1654 711 increpantis
1686 663 1775 701 est:

202 739 405 779 novimus
451 738 568 777 enim
614 747 769 786 quam·
792 737 946 777 blande
988 738 1189 787 mitigare
1231 739 1370 778 soleat
1411 738 1581 778 Gnatho
1622 738 1777 777 militis

201 814 485 854 adversarios

261 889 344 930 Sed
384 889 493 930 nihil
533 890 785 929 remittente
826 889 1048 939 Phaedria,
1094 890 1282 930 militem
1324 891 1442 930 iubet
1474 891 1644 930 Gnatho
1677 901 1775 940 pau-

200 965 332 1016 lisper
371 965 569 1006 recedere
612 967 655 1005 et
696 966 955 1005 Phaedriam
987 965 1310 1015 Chaereamque
1342 967 1405 1005 sic
1437 967 1594 1015 alloqui
1628 967 1778 1016 incipit

201 1043 333 1090 (1069
350 1045 430 1092 sq.)
445 1053 454 1082 :

170 1110 193 1136 s
319 1119 532 1168 Principio
560 1129 637 1168 ego
654 1128 733 1158 vos
751 1118 921 1158 credere
939 1119 1091 1158 ambos
1109 1119 1189 1158 hoc
1205 1119 1314 1158 mihi
1331 1120 1613 1159 vehementer
1628 1119 1774 1169 velim,

273 1203 276 1210 ¹
320 1195 387 1235 Me
417 1195 547 1234 huius
579 1194 783 1244 quidquid
816 1194 926 1234 facio
959 1195 1001 1234 id
1033 1195 1174 1235 facere
1207 1197 1402 1235 maxime
1435 1207 1566 1236 causa
1597 1206 1710 1235 mea.

199 1270 310 1310 Illud
340 1281 438 1322 „me
464 1271 605 1310 facere
623 1281 754 1310 causa
771 1272 897 1310 mea⁹⁹
918 1271 1160 1311 Scholiasta
1176 1274 1301 1320 putat
1318 1273 1411 1311 ideo
1429 1273 1511 1311 dici
1529 1283 1554 1311 a
1570 1273 1774 1321 parasito,

200 1347 406 1396 quoniam
447 1347 539 1396 ipse
581 1347 817 1386 Phaedriae
858 1348 1004 1387 minus
1042 1348 1137 1387 odio
1170 1349 1229 1387 sit
1261 1359 1391 1397 quam
1424 1350 1564 1399 miles),
1599 1350 1777 1397 eiusque

203 1433 362 1474 „causa
392 1423 652 1472 parasitica”
685 1423 832 1462 minus
864 1434 996 1472 quam
1022 1424 1177 1463 militis
1205 1435 1339 1464 amor.
1369 1426 1508 1475 Falso,
1537 1427 1587 1464 ut
1613 1426 1774 1474 opinor.

198 1498 232 1538 Ε
264 1499 462 1548 sequenti
493 1509 646 1539 versu:

317 1575 480 1615 Verum
511 1575 550 1614 si
581 1576 697 1615 idem
728 1576 851 1615 vobis
883 1577 1069 1627 prodest,
1104 1587 1183 1616 vos
1215 1588 1301 1616 non
1332 1578 1472 1617 facer-e
1506 1579 1722 1618 inscitiast

199 1653 378 1702 apparet
423 1652 698 1692 Gnathonem
740 1653 820 1712 hoc
861 1654 995 1693 velle:
1044 1665 1337 1704 „quamquam
1379 1666 1479 1695 mea
1522 1667 1653 1696 causa
1696 1657 1777 1695 hoc

199 1729 306 1779 dico,
353 1731 503 1769 tamen
549 1730 591 1768 id
632 1730 777 1779 ipsum
819 1731 863 1769 et
903 1731 1027 1769 vobis
1069 1731 1273 1779 prodesse
1314 1733 1501 1782 potest,”
1546 1733 1621 1772 sed
1664 1733 1776 1772 hanc

199 1805 463 1845 sententiam
505 1806 556 1845 de
598 1806 810 1845 industria
852 1806 1097 1846 ioculariter
1135 1807 1201 1860 sic
1233 1809 1530 1857 composuisse
1562 1811 1611 1848 ut
1643 1809 1774 1848 Phae-

199 1881 339 1921 driam
365 1879 472 1932 παρὰ
497 1881 742 1931 προσδοκίαν
770 1882 916 1921 iubeat
942 1883 984 1921 id
1012 1883 1183 1922 credere
1205 1883 1317 1931 quod
1333 1885 1415 1923 sibi
1433 1885 1503 1923 ille
1522 1885 1775 1924 iamdudum

198 1966 457 2006 persuasum
485 1957 654 1997 habeat.

262 2031 397 2083 „Quid
429 2033 470 2072 id
502 2034 629 2072 est?''
662 2033 874 2073 Phaedria
905 2037 1040 2084 rogat.
1075 2035 1322 2085 Respondet
1355 2036 1525 2076 Gnatho
1559 2038 1703 2083 (1072)

467 2109 648 2148 Militem
681 2120 759 2159 ego
791 2110 974 2149 rivalem
1006 2111 1303 2160 recipiundum
1337 2123 1504 2153 censeo.

199 2183 281 2224 Hic
325 2183 537 2224 Phaedria
578 2172 818 2226 exclamat:
867 2187 1060 2237 „Hem!”
1103 2188 1277 2228 Nullam
1322 2191 1496 2239 scripsit
1534 2191 1776 2231 Scholiasta

198 2259 416 2300 utiliorem
463 2263 790 2302 annotationem
837 2273 969 2311 quam
1017 2274 1068 2303 ea
1114 2266 1182 2304 est
1229 2275 1338 2313 quae
1381 2267 1434 2305 ad
1475 2267 1590 2306 hunc
1631 2267 1775 2307 locum

198 2335 377 2386 legitur:
409 2336 667 2387 „Considera
693 2349 776 2388 quo
803 2340 927 2379 vultu
955 2340 1035 2379 hoc
1063 2341 1291 2380 dicendum
1319 2342 1388 2392 sit,
1419 2345 1462 2382 et
1489 2344 1705 2393 intelliges
1732 2346 1776 2383 et

198 2412 444 2453 militem
486 2415 530 2454 et
571 2415 833 2465 rivalem·‚
869 2417 912 2455 et
943 2417 1333 2466 recipiendum
1366 2420 1410 2458 et
1442 2430 1539 2469 ego
1572 2431 1774 2460 censeo

199 2490 361 2538 quanta
391 2490 677 2540 significent.''
710 2492 871 2532 Deinde
899 2493 950 2532 de
982 2494 1165 2543 singulis
1197 2496 1375 2535 vocibus
1407 2497 1471 2536 sic
1502 2498 1695 2547 disputat
1726 2501 1775 2538 ut

198 2564 279 2604 hoc
326 2576 427 2605 eum
467 2567 579 2607 velle
620 2567 791 2607 videas:
839 2570 1013 2618 „omnia
1054 2570 1116 2610 ita
1158 2582 1253 2611 esse
1296 2573 1522 2613 enuntiata
1562 2576 1611 2613 ut
1642 2576 1774 2623 quam

199 2642 578 2692 impudentissima
603 2645 883 2695 videantur;’'
911 2647 1004 2686 sive
1026 2648 1138 2696 quod
1155 2659 1286 2698 supra
1302 2650 1480 2698 legitur:
1504 2651 1774 2700 „Artificiose

198 2719 308 2758 satis
338 2719 476 2758 semel
496 2715 523 2766 ¹)
551 2720 698 2760 intulit
726 2733 854 2762 omne
880 2723 992 2772 quod
1019 2724 1175 2763 durum
1203 2725 1319 2765 dictu
1346 2727 1399 2765 ad
1426 2728 1773 2780 persuadendum

198 2795 319 2834 erat”
353 2796 418 2834 et:
457 2795 658 2846 „Fiducia
688 2798 751 2837 sic
782 2799 965 2838 dicentis
991 2802 1116 2849 parat
1143 2802 1313 2841 animos
1341 2803 1393 2841 ad
1421 2804 1633 2843 audienda
1664 2815 1773 2853 quae

237 2974 258 3006 ¹)
278 2973 420 3002 Semel.
440 2973 525 3009 Lege
545 2973 689 3004 Simul:
711 2976 825 3005 omnia
844 2977 934 3007 enim
955 2978 1057 3007 simul
1076 2973 1110 3008 et
1130 2986 1210 3008 voce
1229 2987 1396 3015 nusquam
1415 2981 1622 3011 subsistente
1639 2983 1775 3017 profert.
