2002 3464
934 381 989 420 83

236 507 314 546 Est
344 517 444 557 ergo
482 529 530 534 -—
565 507 646 546 hoc
677 506 785 545 mihi
818 508 918 546 ante
950 506 1098 545 omnia
1128 506 1370 556 dicendum,
1399 506 1480 546 hoc
1507 516 1679 555 semper
1706 507 1749 545 et

175 582 333 632 ubique
378 583 614 623 tenendum
646 604 703 608 —
735 582 802 621 vir
843 582 988 621 artis
1030 582 1294 621 scenicae
1342 583 1399 628 et,
1417 582 1749 621 amantissimus

176 660 221 698 et
265 658 579 708 peritissimus:
628 657 833 706 quidquid
881 657 985 697 dicit
1031 658 1222 707 docetve,
1272 658 1394 697 illam
1436 659 1576 697 artem
1619 658 1750 697 habet

176 735 278 774 ante
323 734 482 775 oculos.
526 734 689 773 Verum
721 733 856 772 fuisse
889 733 1100 773 artificem
1133 734 1397 784 Terentium,
1432 733 1505 783 qui
1537 745 1596 783 sp
1611 735 1749 773 ecta-

175 811 363 850 torum
409 810 579 850 animos
627 820 903 849 commovere
951 811 1080 858 atque
1123 811 1315 850 detinere
1358 810 1526 859 egregie
1560 810 1748 860 calleret,

176 885 527 926 annotationibus
559 886 651 927 suis
684 886 982 925 demonstrare
1015 886 1174 925 studet.
1209 886 1402 935 Cumque
1435 885 1647 926 artificem
1674 887 1751 925 vix

176 961 259 1002 dici
303 972 444 1012 posse,
493 962 566 1011 qui
613 961 819 1001 servilem
867 962 912 1001 in
953 962 1133 1001 modum
1165 963 1300 1001 alium
1332 963 1391 1002 sit
1422 963 1635 1012 imitatus,
1669 963 1752 1002 sibi

175 1037 334 1078 habeat
363 1038 762 1088 persuasissimum,
797 1038 898 1077 huic
929 1038 991 1076 rei
1021 1038 1213 1087 primum
1246 1039 1320 1077 dat
1347 1049 1523 1087 operam
1550 1039 1600 1078 ut
1627 1048 1750 1087 appa-

174 1114 269 1153 reat
298 1113 372 1153 ubi
403 1124 429 1154 a
459 1114 691 1154 Menandro
727 1136 777 1140 —
813 1115 857 1153 et
888 1114 1171 1153 Menandrum
1204 1124 1304 1153 cum
1336 1114 1513 1154 nomino
1541 1114 1672 1153 simul
1700 1115 1751 1153 de

174 1189 432 1239 Apollodoro
478 1200 550 1229 me
598 1190 786 1239 cogitare
833 1176 968 1230 lector
1009 1190 1120 1229 sciat
1152 1213 1208 1216 —
1241 1191 1468 1230 Terentius
1511 1190 1748 1242 deflexerit,

174 1275 389 1320 quasnam
421 1266 611 1316 exempli
637 1267 706 1306 sui
731 1267 878 1315 partes
904 1266 1154 1317 mutaverit,
1174 1267 1275 1315 quid
1291 1268 1474 1317 propriis
1492 1267 1750 1316 quibusdam

175 1342 453 1382 exornaverit
494 1342 720 1382 coloribus.
764 1343 931 1382 Paucos
972 1343 1089 1381 locos
1131 1343 1204 1391 qui
1236 1343 1321 1382 huc
1351 1343 1514 1382 faciant
1546 1342 1750 1392 afferam;

174 1430 347 1470 paucos,
381 1419 461 1469 aio,
495 1429 599 1458 nam
636 1419 776 1458 multo
808 1419 917 1457 mihi
948 1419 1088 1458 maior
1119 1429 1219 1467 pars
1250 1419 1513 1458 reservanda
1545 1420 1613 1459 est
1638 1420 1751 1459 unde

175 1497 394 1546 integrum
440 1496 492 1536 de
539 1495 728 1535 Terentii
769 1495 1019 1534 inventione
1062 1496 1191 1544 caput
1233 1505 1504 1544 componam.
1538 1495 1620 1534 Hic
1652 1507 1752 1545 ergo

171 1572 284 1627 *duas
329 1582 567 1623 proponam
608 1582 677 1611 res
720 1572 764 1610 in
806 1571 972 1621 quibus,
1008 1582 1034 1610 a
1066 1571 1308 1610 Scholiasta
1340 1571 1563 1622 admoniti,
1599 1572 1751 1612 Teren—

174 1648 343 1688 tianam
384 1649 526 1688 artem
568 1658 594 1687 a
634 1648 894 1687 Menandrea
934 1647 1105 1686 differre
1137 1647 1352 1686 sciamus:
1387 1648 1600 1687 eiusmodi
1633 1649 1751 1687 enim

174 1724 275 1768 illae
305 1722 490 1764 sunt'ut
520 1723 614 1763 sine
646 1723 781 1763 totius
814 1723 1059 1772 argumenti
1087 1722 1347 1762 detrimento
1375 1724 1612 1773 separatim
1640 1726 1748 1764 trac—

174 1799 260 1840 tari
289 1800 472 1849 possint.
617 1787 621 1790 ’
1430 1786 1434 1789 Ἴ
1496 1805 1498 1809 ’

234 1873 290 1919 Α.
322 1875 550 1915 Terentius
581 1875 729 1915 sedulo
761 1875 836 1915 dat
867 1885 1043 1924 operam
1074 1876 1123 1914 ut
1141 1855 1194 1914 'in
1222 1875 1455 1914 comoediis
1483 1876 1574 1915 suis
1602 1877 1750 1916 omnia

175 1951 265 1992 sint
295 1962 427 2001 quam
457 1951 760 2002 urbanissima,
794 1951 1032 2001 lenissima,
1062 1951 1311 1991 mitissima.
1339 1951 1444 1990 Duri
1471 1952 1614 1991 inesse
1642 1953 1751 1992 nihil

157 2010 350 2079 ‘patiam
379 2028 487 2068 nihil
514 2029 698 2078 agreste,
728 2028 836 2067 mhfl
864 2028 1045 2078 crudele,
1075 2028 1182 2066 nihil
1200 2028 1395 2078 denique,
1415 2029 1464 2067 ut
1481 2028 1750 2068 scholiastae

174 2105 274 2144 utar
297 2103 455 2155 verbis,
485 2103 680 2156 τραγικόν.
707 2104 804 2142 Huc
829 2104 999 2152 spectat
1025 2104 1248 2143 annotatio
1276 2104 1329 2143 ad
1351 2103 1482 2143 Andr.
1503 2106 1603 2145 606.
1623 2105 1750 2144 Intel-

174 2179 272 2230 ligit
299 2180 448 2220 Davus
478 2190 632 2220 servus
663 2190 711 2219 se
743 2180 917 2233 astutiis
949 2180 1041 2219 suis
1073 2181 1117 2219 et
1148 2182 1290 2219 semet
1322 2180 1465 2230 ipsum
1498 2182 1542 2220 et
1568 2181 1751 2223 herilem

174 2255 314 2296 filium
344 2257 605 2306 perdidisse;
635 2257 945 2296 adventantem
972 2256 1061 2295 iam
1087 2257 1207 2296 videt
1233 2267 1384 2295 senem
1413 2257 1481 2296 cui
1507 2258 1566 2296 sit
1592 2268 1753 2307 poenas

175 2332 356 2372 daturus
387 2334 453 2372 et:
491 2333 680 2383 „occidi”
713 2333 776 2372 ait

168 2407 170 2409 ’
239 2408 447 2458 „Utinam
456 2409 566 2447 mihi
579 2410 695 2448 esset
707 2408 868 2457 aliquid
879 2408 949 2447 hic
961 2419 1044 2457 quo
1056 2419 1171 2448 nunc
1182 2419 1253 2448 me
1265 2409 1546 2458 praecipitem
1559 2410 1750 2449 darem.”

176 2484 371 2523 Annotat
421 2484 684 2524 Scholiasta:
737 2484 856 2534 „Non
898 2484 1010 2523 dixit
1055 2484 1306 2533 gladium
1354 2486 1430 2524 aut
1476 2485 1750 2535 laqueum,

177 2569 231 2599 ne
258 2561 375 2601 esset
400 2561 627 2610 tragicum.
655 2561 765 2610 Ergo
793 2561 1010 2609 expressit
1035 2560 1143 2599 bene
1171 2561 1341 2600 dicens:
1370 2561 1757 2610 praecipitem

177 2636 408 2676 darem.”
456 2636 524 2676 Ita
569 2638 659 2676 est:
709 2637 872 2676 comico
911 2638 954 2675 et
986 2636 1134 2675 servili
1166 2637 1279 2675 dicto
1312 2647 1418 2685 opus
1451 2637 1521 2676 hic
1553 2639 1632 2687 est,
1667 2648 1752 2677 non

176 2713 342 2762 tragica
382 2713 585 2763 tragicae.
612 2713 915 2762 disperationis
957 2711 1284 2761 significatione.
1319 2711 1570 2752 Correctum
1602 2715 1750 2753 autem

176 2789 247 2828 hic
278 2789 534 2828 aTerentio
567 2789 848 2828 Menandrum
880 2799 966 2827 non
999 2790 1167 2828 certum
1199 2789 1373 2837 quidem
1406 2791 1474 2828 est
1501 2790 1576 2828 sed
1603 2790 1750 2829 verisi-
1780 2774 1784 2777 ’

176 2865 281 2904 mile
312 2863 362 2905 fit
394 2865 447 2904 iis
478 2875 587 2913 quae
619 2866 882 2904 annotantur
913 2865 989 2903 ad:

237 2941 316 2981 Ad.
365 2941 418 2990 ΙΙ,
464 2941 562 2980 275.
606 2939 807 2994 Ctesipho
845 2951 992 2980 amore
1023 2940 1273 2989 peregrinae
1306 2940 1474 2989 puellae
1507 2941 1639 2992 ardet,
1674 2942 1749 2980 sed
