2002 3464
1044 377 1099 417 52

292 498 363 546 qui
409 497 642 537 Chaeream
689 510 908 548 nunquam
953 502 1061 540 vidit
1107 503 1182 548 (sic
1224 504 1339 542 enim
1379 504 1558 552 Pythias
1601 505 1759 554 credit),
1802 505 1845 546 id

292 573 462 620 quidem
509 585 638 613 sensu
680 585 853 614 cassum
895 578 973 615 est.
1016 577 1068 616 Et
1108 578 1175 617 fac
1216 579 1278 618 sic
1319 580 1400 618 dici
1440 590 1587 628 posse:
1626 582 1744 629 „erat
1773 581 1844 620 ille

289 659 393 696 puer
438 651 529 687 tam
576 650 791 689 formosus
831 653 880 690 ut
921 662 1019 690 eum
1060 653 1203 692 videre
1243 654 1418 704 velles”,
1462 656 1561 703 quid
1602 656 1844 704 emphatico

290 723 360 762 illo
392 725 449 763 tu
483 734 588 772 opus
621 726 718 764 est?
749 726 872 766 Hanc
902 737 1088 777 propono
1121 730 1487 769 emendationem:

583 801 673 848 qui
704 802 752 840 tu
782 803 966 842 videri
996 815 1097 843 vero
1128 805 1274 855 velles,
1308 806 1516 846 Phaedria

288 875 380 913 vel:
460 895 463 898 ·
584 886 740 924 quem
777 878 830 916 te
860 879 1043 918 videri
1074 890 1176 919 vero
1207 881 1352 931 velles
1386 882 1605 922 Phaedria.

290 950 358 988 Sic
375 951 542 999 egregie
560 951 662 990 illud
679 953 711 990 P
723 953 752 991 h
765 963 789 991 a
802 964 824 991 e
837 954 862 992 d
874 965 895 992 r
906 954 920 992 i
932 965 957 993 a
974 965 1140 1003 quoque
1158 953 1307 1006 ἠθικῶς
1326 957 1505 997 additur.
1525 958 1584 997 Of.
1600 958 1733 1014 Andr.r
1744 957 1841 1009 702,

288 1026 359 1064 ubi
386 1026 636 1075 Pamphilus
662 1030 806 1076 rogat:
836 1030 959 1077 quis
985 1030 1180 1069 videor
1206 1031 1231 1069 i.
1252 1041 1286 1070 e.
1319 1042 1415 1080 „me
1437 1033 1599 1081 aspice:
1618 1033 1843 1073 vultumne

290 1111 366 1149 ego
397 1102 532 1141 habeo
563 1103 728 1142 fallacis
758 1105 946 1143 hominis
979 1107 1022 1144 et
1052 1090 1312 1156 impostoris,
1347 1118 1401 1146 an
1432 1106 1568 1146 fidelis
1600 1109 1728 1147 amici
1739 1110 1787 1148 ?”

350 1177 457 1225 „Hic
487 1188 588 1216 vero
620 1179 714 1218 est”
746 1179 926 1228 Pythias
959 1181 1096 1219 addit:

875 1256 1026 1296 Vietus
1057 1258 1183 1296 vetus
1214 1259 1468 1297 veternosus
1497 1269 1633 1304 senex

581 1330 728 1370 Colore
758 1332 1003 1371 mustelino.

286 1403 531 1443 Admodum
557 1407 791 1446 verisimile
819 1409 885 1446 est
911 1408 1021 1456 quod
1048 1408 1156 1447 alter
1183 1406 1422 1448 Scholiasta
1448 1410 1578 1448 tradit
1595 1410 1842 1450 Terentium

284 1481 409 1530 γαλῆν
460 1481 503 1519 et
547 1481 745 1533 γαλεώτην
788 1484 1041 1533 confudisse,
1086 1484 1224 1523 citans
1265 1485 1567 1524 Menandreum
1610 1480 1724 1533 οὗτός
1765 1484 1842 1525 ἔστι

283 1554 477 1606 γαλεώτης
503 1554 639 1608 γέρων.
666 1558 787 1597 Alter
814 1558 1061 1598 Terentium
1089 1560 1288 1610 defendit,
1318 1561 1409 1610 hoc,
1438 1562 1487 1600 ut
1511 1562 1692 1611 videtur,
1721 1568 1839 1611 argu-

283 1632 431 1670 mento
477 1633 587 1680 quod
632 1634 825 1673 Eunuchi
871 1635 943 1673 alii
989 1634 1094 1674 fiant
1140 1636 1339 1674 sublividi
1387 1622 1552 1682 (colore
1580 1638 1838 1689 mustelino),

284 1707 355 1744 alii
410 1707 655 1756 lentiginosi
712 1710 863 1755 (colore
915 1710 1186 1757 stellionino).
1234 1711 1453 1760 Bentlejus
1499 1713 1569 1751 hic
1613 1707 1841 1761 legendum

283 1783 429 1820 censet
471 1783 656 1822 colore
698 1785 1053 1824 stellionino.
1097 1786 1207 1824 Utut
1249 1788 1326 1837 est,
1371 1787 1484 1826 hunc
1520 1789 1634 1826 certe
1665 1798 1840 1828 versum

282 1858 334 1896 ad
365 1859 545 1897 verbum
578 1870 600 1898 e
632 1860 791 1899 Graeco
822 1862 1045 1900 transtulit
1077 1862 1313 1906 Terentius.
1399 1855 1401 1857 ¹

340 1933 567 1973 Exclamat
597 1935 807 1974 Phaedria
840 1937 938 1982 (689
972 1940 1072 1984 sq.):

897 2012 1022 2061 Hem,
1057 2020 1164 2060 quae
1196 2014 1302 2052 haec
1333 2015 1399 2053 est
1430 2014 1606 2054 fabula?

457 2085 516 2124 Eo
547 2086 713 2134 rediges
745 2097 827 2136 me,
861 2088 910 2125 ut
937 2087 1036 2135 quid
1069 2088 1229 2136 egerim
1262 2091 1432 2136 egomet
1463 2090 1665 2129 nesciam.

340 2161 421 2199 Hic
447 2172 613 2210 quoquo
640 2162 760 2200 hem
787 2173 963 2210 gravem
992 2164 1216 2211 emphasin
1243 2164 1393 2203 habet:
1423 2166 1488 2203 est
1515 2166 1630 2203 enim
1651 2167 1839 2214 graviter

281 2236 554 2284 indignantis.
578 2233 603 2282 ¹)
647 2238 727 2276 Pro
770 2238 898 2285 quid
941 2238 1149 2286 egerim
1191 2239 1409 2286 Bentlejus
1450 2240 1669 2288 proposuit
1710 2242 1838 2289 quid

318 2463 338 2496 ¹)
359 2462 500 2496 Belgice:
520 2462 610 2498 „Wel
630 2462 872 2498 anemae-hug?
894 2463 974 2491 Cum
996 2462 1146 2491 omnium
1163 2462 1314 2491 brevium
1332 2463 1534 2499 vocularum,
1551 2465 1624 2493 tum
1640 2465 1836 2500 praesertim

280 2513 520 2542 interiectionis
539 2514 628 2542 hem
649 2515 802 2542 accurate
819 2514 984 2543 rationem
1002 2522 1075 2544 esse
1092 2514 1278 2543 habendam
1297 2514 1326 2543 ei
1343 2514 1398 2548 qui
1415 2515 1605 2544 Terentium
1620 2517 1720 2551 probe
1736 2517 1837 2546 vellet

280 2564 432 2600 intelligi,
451 2565 745 2600 persuasissimum
767 2565 974 2595 scholiastae
993 2565 1067 2602 fuit,
1087 2565 1222 2600 ideoque
1241 2566 1369 2594 nullum
1390 2573 1534 2603 versum,
1553 2567 1610 2596 ubi
1629 2567 1688 2596 illa
1707 2567 1839 2606 legitur,

280 2616 352 2644 sine
380 2617 596 2646 annotatione
621 2618 857 2652 praetermisit.
886 2618 947 2646 Sed
972 2624 1137 2652 nusquam
1163 2617 1283 2646 melius
1309 2624 1392 2651 quae
1418 2618 1490 2647 eius
1515 2619 1569 2647 vis
1593 2620 1684 2648 esset
1707 2620 1835 2650 demon-

280 2668 403 2696 stravit
420 2675 519 2702 quam
537 2669 578 2697 ad
594 2670 696 2698 Andr.
714 2669 739 2706 Ι,
754 2670 779 2705 2,
795 2670 839 2705 13,
857 2669 914 2698 ubi
924 2669 1016 2698 dicit:
1031 2670 1102 2706 „He
1111 2677 1158 2698 m:
1170 2677 1256 2697 nunc
1273 2670 1367 2703 quasi
1378 2670 1538 2705 correptio
1548 2671 1655 2701 totius
1665 2672 1836 2707 corporis.”

314 2719 426 2748 Unum
451 2721 657 2755 alterumque
684 2721 828 2750 Terentii
845 2722 954 2750 locum
975 2729 1049 2751 esse
1067 2721 1123 2750 ubi
1141 2720 1231 2749 hem
1248 2727 1314 2748 non
1331 2721 1455 2750 habeat
1469 2723 1644 2758 emphasin
1659 2723 1752 2752 illam
1767 2731 1835 2753 non

278 2777 370 2805 nego.
390 2771 592 2807 Quapropter
609 2780 652 2802 ne
669 2773 731 2801 hoc
752 2773 883 2807 quidem
903 2773 1135 2808 negligendum
1165 2772 1279 2807 opinor
1296 2773 1381 2806 quod
1398 2773 1439 2802 ad
1454 2773 1535 2803 Eun.
1551 2773 1593 2810 II,
1607 2775 1634 2810 3,
1650 2772 1685 2803 15
1698 2775 1833 2814 legitur:

280 2823 327 2857 „H
336 2829 406 2851 em:
438 2824 466 2852 si
496 2831 571 2853 cum
598 2825 640 2860 H,
669 2825 840 2861 Parmeno,
871 2825 900 2853 si
927 2825 1047 2853 leniter
1076 2824 1248 2853 Chaerea.”
1275 2824 1348 2852 Non
1377 2825 1462 2858 quod
1490 2825 1626 2854 dubium
1650 2833 1723 2855 esse
1747 2825 1832 2854 mihi

279 2874 432 2903 videatur
459 2876 526 2904 utri
553 2875 615 2903 hoc
639 2876 709 2904 loco
738 2876 846 2905 danda
872 2877 918 2906 sit
942 2876 1127 2905 interiectio
1147 2879 1190 2909 (v.
1209 2876 1297 2904 enim
1318 2883 1401 2910 quae
1420 2877 1460 2905 ad
1479 2883 1555 2905 eum
1575 2877 1833 2913 annotavimus),

279 2926 335 2954 sed
347 2928 481 2955 omnino
491 2927 525 2955 in
536 2927 728 2961 quotidiano
739 2935 889 2957 sermone
899 2928 1041 2956 multum
1053 2927 1246 2956 interfuisse
1256 2927 1342 2956 inter
1355 2927 1377 2955 h
1386 2935 1442 2956 em
1454 2929 1488 2957 et
1497 2936 1554 2957 em
1564 2928 1714 2958 lubenter
1723 2928 1826 2958 credo.
