2002 3464
1011 406 1066 445 80

258 530 410 568 dicet.'’
433 528 641 569 Phaedria
667 532 813 570 autem
840 531 1089 571 exclamans
1115 532 1235 572 hem
1252 533 1465 582 significat
1481 544 1528 573 se
1545 534 1812 583 impudentia

255 606 461 654 postulati
491 607 770 645 vehementer
800 607 1057 655 perculsum.

314 681 549 720 Consilium
582 692 681 730 ergo
713 682 951 721 Gnathonis
977 683 1057 722 hoc
1083 685 1171 722 est:
1203 684 1323 734 „Noli
1349 685 1554 733 impedire
1581 686 1811 733 quominus
1879 690 1883 693 '

254 757 399 795 fatuus
438 758 527 815 ⁴iste
568 759 694 797 miles
736 759 816 797 sibi
857 759 1005 798 rivalis
1047 770 1141 799 esse
1181 761 1282 799 tuus
1323 762 1366 799 et
1407 771 1432 799 a
1473 761 1632 800 Thaide
1673 762 1810 801 amari

253 833 460 872 videatur.
494 834 546 872 Et
577 834 715 872 amico
748 844 796 872 eo
827 835 969 873 utere:
1002 835 1235 874 utilissima
1265 836 1342 874 tibi
1374 836 1466 874 eius
1498 837 1688 876 amicitia
1707 847 1809 876 esse

252 910 407 955 potest.
450 909 543 947 Non
586 910 652 947 est
688 909 798 957 quod
831 920 930 948 eum
961 911 1153 949 metuas:
1186 911 1332 960 pellas,
1365 911 1438 949 ubi
1468 911 1599 949 velis:
1634 912 1808 951 interim

253 984 289 1021 si
331 985 455 1022 tuum
497 985 749 1023 exhauseris
789 966 1016 1035 peculium,
1060 987 1331 1035 suppeditare
1371 987 1448 1025 tibi
1490 986 1560 1026 ille
1597 988 1808 1034 quantum

252 1069 358 1107 opus
390 1062 456 1098 est
487 1061 664 1108 poterit3
702 1062 974 1110 „praeterea”
1009 1062 1069 1100 ait
1099 1072 1163 1100 vs.
1191 1063 1311 1100 -1081

757 1137 837 1176 hoc
868 1138 1000 1176 etiam
1032 1138 1142 1185 quod
1175 1148 1251 1186 ego
1281 1137 1350 1176 vel
1381 1137 1570 1186 primum
1600 1140 1715 1188 puto,

368 1212 534 1260 Accipit
565 1211 694 1250 homo
725 1223 852 1251 nemo
883 1213 1039 1251 melius
1070 1223 1244 1261 prorsus
1275 1223 1411 1261 neque
1442 1214 1662 1261 prolixius.

253 1287 420 1336 „Homo
452 1289 606 1327 nemo”
640 1288 742 1327 dicit
773 1290 875 1327 nota
905 1289 1133 1327 verborum
1165 1289 1446 1327 abundantia:
1475 1290 1663 1342 loquitur
1689 1290 1805 1329 enim

250 1362 300 1400 de
331 1373 376 1401 re
408 1373 515 1410 quae
547 1363 628 1401 sibi
658 1364 829 1412 penitus
861 1364 918 1402 sit
948 1375 1165 1412 persuasa.

307 1438 493 1476 Probant
539 1438 631 1476 eius
678 1439 904 1478 consilium
950 1439 1158 1478 Phaedria
1203 1439 1430 1488 fraterque.
1479 1440 1588 1478 Tum
1636 1439 1804 1480 Gnatho

249 1514 376 1558 (1084
410 1516 510 1561 sq.):

365 1589 495 1627 Recte
526 1589 689 1638 facitis;
722 1601 857 1629 unum
884 1591 1016 1630 etiam
1042 1591 1121 1630 hoc
1149 1602 1225 1630 vos
1252 1602 1336 1640 oro,
1365 1593 1414 1630 ut
1439 1602 1510 1630 me
1536 1592 1580 1630 in
1606 1593 1802 1631 vostram

1554 1669 1743 1716 [gregem

363 1740 616 1789 Recipiatis:
651 1741 758 1780 satis
790 1741 860 1780 diu
892 1741 980 1780 iam
1011 1741 1092 1780 hoc
1123 1752 1280 1781 saxum
1311 1752 1450 1780 vorso.

245 1815 483 1854 Scholiasta
509 1817 652 1864 rogat:
684 1816 950 1864 „militemne
977 1827 1134 1855 saxum
1160 1817 1262 1856 dicit
1272 1818 1320 1855 ‘?'’
1348 1817 1441 1855 Non
1469 1817 1613 1856 credo:
1632 1827 1800 1866 prover-

243 1892 410 1930 bialiter
442 1892 557 1930 enim
592 1892 698 1941 „hoc
729 1902 887 1931 saxum
918 1893 1072 1931 vorso'’
1105 1893 1268 1932 dictum
1294 1891 1463 1931 videtur
1488 1903 1585 1941 pro:
1613 1893 1714 1932 huic
1740 1893 1801 1932 rei

243 1976 416 2015 operam
449 1967 513 2016 do,
546 1978 700 2015 nempe
732 1969 780 2006 ut
811 1969 950 2006 certos
982 1968 1260 2016 assiduosque
1291 1969 1474 2007 habeam
1505 1968 1702 2007 homines
1729 1969 1802 2016 qui
1877 1977 1881 1980 ’

243 2053 313 2080 me
347 2043 478 2081 alant.

302 2118 385 2156 Suo
417 2119 543 2157 modo
575 2118 736 2166 gratias
768 2119 856 2166 agit
888 2118 1056 2157 Gnatho
1086 2129 1151 2157 vs.
1191 2120 1325 2169 1086:

722 2194 781 2232 At
812 2205 888 2242 ego
919 2205 994 2242 pro
1026 2195 1121 2243 isto,
1156 2194 1364 2233 Phaedria
1395 2195 1437 2232 et
1467 2195 1515 2232 tu
1548 2193 1737 2234 Chaerea

357 2269 482 2307 Hunc
514 2269 822 2308 comedendum
855 2270 897 2307 et
929 2269 1182 2307 ebibendum
1213 2269 1334 2307 vobis
1365 2269 1553 2317 propino.

239 2343 292 2381 Et
333 2343 520 2382 Chaerea
562 2345 727 2382 dicente
772 2344 983 2393 „Placet,'’
1026 2344 1235 2382 Phaedria
1275 2344 1392 2382 addit
1427 2344 1578 2383 verba:
1615 2345 1796 2394 „dignus

241 2421 348 2470 est,’'
397 2421 449 2459 ad
495 2431 602 2468 quae
649 2421 912 2469 lepidissime
955 2420 1193 2458 Scholiasta
1234 2421 1433 2458 annotat:
1481 2420 1623 2469 „Haec
1665 2422 1796 2461 verba

239 2495 392 2534 ultima
432 2495 547 2544 longi
588 2496 800 2534 sermonis
842 2496 1052 2534 eiusmodi
1093 2497 1194 2534 sunt
1235 2498 1283 2533 ut
1323 2495 1448 2534 miles
1481 2496 1587 2535 haec
1618 2496 1795 2535 audiens

237 2571 460 2609 laudatum
492 2581 538 2610 se
571 2582 666 2610 esse
698 2573 741 2610 et
772 2572 1053 2620 approbatum
1086 2571 1350 2610 existimet.”

297 2647 406 2685 Tum
439 2647 606 2685 Gnatho
639 2648 691 2686 ad
722 2647 907 2686 militem
940 2657 1171 2686 conversus
1200 2647 1365 2692 (1088):
1398 2647 1599 2696 „Thraso,
1627 2647 1699 2686 ubi
1725 2647 1793 2686 vis

238 2723 416 2761 accede”
435 2723 507 2762 ait.
522 2723 698 2771 Egregie
714 2724 941 2762 verborum
963 2723 1053 2761 ubi
1078 2722 1164 2760 vis
1186 2724 1465 2760 venustatum
1482 2722 1794 2762 demonstravit

238 2796 477 2837 Scholiasta
490 2798 750 2837 annotando:
769 2829 785 2847 „
795 2796 1035 2836 Honorifice
1046 2798 1219 2836 revocat
1231 2797 1471 2845 ablegatem
1484 2808 1582 2836 cum
1595 2798 1790 2837 iniuria.’'

298 2873 403 2922 Quid
431 2884 528 2911 cum
555 2873 764 2912 Phaedria
791 2873 1060 2921 Chaereaque
1087 2873 1254 2911 locutus
1281 2873 1338 2911 sit
1365 2873 1403 2911 ei
1430 2874 1628 2912 denarrat
1653 2873 1790 2921 lepido

236 2949 458 2987 mendacio
490 2950 704 2997 parasitus
738 2950 866 2994 (1089
899 2951 1027 2996 sqq.):
