2002 3464
1025 407 1105 444 166

347 532 411 570 19.
446 542 535 578 sqq.
1100 530 1170 568 ille
1204 531 1351 569 contra
1381 530 1487 568 haec
1519 528 1662 567 omnia

578 606 682 644 Ruri
714 617 838 655 agere
870 606 1030 644 vitam:
1065 615 1236 653 semper
1265 615 1390 653 parce
1423 615 1472 643 ac
1504 604 1663 643 duriter

580 682 631 720 Se
664 681 832 730 habere,
866 691 1047 720 uxorem
1080 681 1224 719 duxit:
1258 680 1349 719 nati
1379 679 1468 718 filii.

284 756 349 794 Ad
381 767 444 795 vs,
479 758 533 795 20
562 758 814 795 annotatur:
849 757 1024 805 „contra
1050 757 1156 795 haec
1183 756 1328 795 omnia
1354 755 1582 794 suffecerat
1607 754 1838 794 brevitas.‘’

285 832 479 870 Ridicula
510 832 744 880 corruptio:
780 833 976 870 contra
1008 832 1143 870 haec
1176 832 1358 870 omnia
1385 842 1406 870 e
1433 841 1561 869 versu
1592 831 1643 869 19
1672 830 1839 869 citatur.

286 907 582 946 Abiiciendum
610 917 709 955 ergo
737 907 850 945 istud
877 907 1146 955 brevitas,
1176 908 1224 945 ut
1249 907 1353 945 haec
1380 908 1582 945 nascatur
1603 905 1839 944 sententia:

290 993 414 1031 „cum
472 983 650 1021 dixerit:
699 982 881 1021 frater
929 983 1127 1021 contra
1173 982 1306 1020 haec
1352 982 1556 1030 omnia,
1606 991 1691 1019 non
1737 989 1842 1029 opus

288 1059 379 1096 erat
421 1057 589 1105 singula
630 1058 757 1096 haec:
802 1057 917 1095 ruri
961 1067 1125 1105 agere
1163 1057 1361 1106 vitam,
1396 1066 1624 1095 uxorem
1657 1055 1840 1104 duxit,

287 1133 407 1172 nati
448 1129 566 1171 filii
599 1133 892 1171 enumerare.’'

347 1208 588 1246 Uxorem
621 1208 806 1253 duxit]
846 1198 1536 1256 „adiuvandum'pronuntiatione
1569 1207 1646 1255 est,
1681 1216 1734 1244 ne
1760 1205 1866 1244 sin-1

289 1283 388 1332 gula
440 1284 638 1331 utrinque
686 1283 872 1322 assecuti
918 1283 1184 1321 videantur.”
1234 1282 1449 1331 Quomodo
1497 1283 1695 1329 corrupta
1739 1281 1845 1320 haec
1910 1316 1919 1330 ,

290 1359 501 1407 corrigam
533 1369 618 1397 non
649 1358 796 1397 habeo.

349 1435 417 1473 32.
452 1445 513 1482 sq.
660 1434 824 1472 Pudore
857 1435 900 1472 et
931 1433 1186 1472 liberalitate
1218 1433 1372 1472 liberos

663 1509 861 1548 Retinere
894 1509 1030 1547 satius
1063 1519 1157 1547 esse
1190 1509 1312 1547 credo
1344 1519 1474 1556 quam
1504 1509 1636 1547 metu.

290 1585 574 1635 Annotatur:¹
607 1585 838 1634 „pudore
886 1585 937 1622 ad
984 1583 1138 1622 liberos
1185 1584 1342 1632 retulit,
1391 1583 1751 1622 liberalitate
1792 1583 1844 1622 ad

290 1662 501 1709 parentes
535 1661 853 1708 Argumentum
885 1670 911 1698 a
943 1659 1223 1707 coniugatis”
1253 1658 1358 1707 Quid
1385 1659 1540 1697 ultima
1565 1658 1670 1697 haec
1697 1668 1844 1707 argu-

290 1736 535 1774 mentum
568 1746 592 1774 a
624 1735 949 1783 coniugatis
982 1733 1255 1783 significant?
1282 1734 1371 1772 An:
1404 1734 1474 1783 „in
1501 1734 1593 1782 ipsa
1618 1733 1846 1773 verborum

290 1811 557 1859 copulatione
615 1811 729 1849 inest
776 1812 1079 1859 argumentum
1092 1811 1139 1848 ?'’
1188 1810 1569 1848 Liberalitate
1616 1810 1732 1848 enim
1778 1810 1845 1849 ad-

289 1897 440 1925 versus
472 1886 686 1925 liberos
718 1897 823 1934 opus
856 1896 950 1925 esse
984 1896 1038 1945 ei<
1071 1885 1174 1934 ipsis
1205 1885 1424 1924 vocabulis
1455 1886 1643 1933 apparet.

348 1963 417 2001 33.
450 1962 591 2011 „Vitia
617 1961 728 2001 filios
750 1962 937 2001 retinent
954 1972 1060 2010 quos
1077 1962 1264 2000 retinent
1280 1962 1466 2009 patres.'’
1484 1961 1595 2010 Lege
1613 1971 1711 2000 cum
1727 1961 1845 2001 Wes-

288 2038 504 2076 terhovio:
548 2037 702 2076 Vitia
743 2038 904 2076 filios
936 2038 1146 2076 tenent.
1180 2037 1407 2076 Klotziana
1436 2038 1678 2085 praeterea:
1715 2047 1847 2086 „quos

289 2124 317 2151 n
330 2124 352 2152 o
366 2125 392 2152 n
420 2114 606 2152 retinent
633 2114 805 2162 patres'’
824 2114 964 2152 habet.
984 2114 1190 2161 Equidem
1208 2113 1502 2152 huiuscemodi
1519 2113 1621 2152 olim
1637 2113 1770 2152 fuisse
1786 2113 1846 2152 to-

290 2190 384 2227 tum
402 2189 594 2228 scholion
612 2190 827 2238 suspicor:
851 2189 983 2238 „vitia
999 2188 1110 2228 filios
1121 2190 1281 2238 tenent,
1296 2189 1450 2227 avitiis
1461 2188 1649 2228 retinent
1659 2189 1845 2237 pau-ese·

348 2265 416 2303 45.
573 2264 685 2303 Dum
717 2265 758 2303 id
779 2251 998 2303 'rescitum
1031 2265 1083 2303 iri
1114 2264 1247 2303 credit
1278 2264 1488 2312 tantisper
1519 2265 1654 2302 cavet.

289 2339 407 2378 Sch.:
455 2340 587 2389 „bene
627 2341 751 2380 cavet
783 2340 904 2388 quasi
936 2340 1095 2379 malo.”
1129 2339 1253 2378 Haud
1286 2339 1409 2378 dubie
1441 2349 1544 2377 vera
1575 2340 1642 2378 est
1672 2339 1848 2387 antiqua

286 2415 412 2455 lectio
444 2416 660 2455 malum.
1419 2408 1423 2411 ’

347 2492 415 2530 50.
459 2492 519 2530 De
562 2493 653 2530 tota
694 2492 773 2530 hac
814 2491 1006 2530 Micionis
1039 2491 1336 2539 disputatione,
1371 2500 1455 2538 qua
1485 2499 1610 2528 suam
1641 2490 1847 2529 adversus

287 2566 424 2604 filium
471 2567 721 2615 adoptivum
767 2567 992 2605 lenitatem
1040 2566 1238 2614 defendit,
1283 2566 1537 2605 annotatum
1578 2565 1845 2604 invenimus:

290 2645 413 2692 „vide
457 2643 818 2691 quemadmodum
856 2652 983 2680 suum
1016 2642 1067 2680 ad
1099 2641 1409 2690 indulgentiam
1442 2641 1645 2681 affectum
1675 2642 1848 2680 revocet

291 2719 478 2767 optimae
510 2717 800 2766 disciplinae.”
835 2718 1038 2756 Potestne
1070 2727 1339 2755 revocare
1371 2717 1453 2755 dici
1486 2716 1846 2756 adscribendi
1885 2710 1887 2714 ’

291 2795 453 2833 sensu?
494 2794 585 2832 Hoc
628 2793 742 2832 enim
786 2803 891 2841 opus
929 2793 997 2832 hic
1030 2794 1117 2831 est:
1151 2793 1261 2840 quod
1293 2793 1444 2841 sponte
1475 2793 1576 2831 fecit
1607 2792 1740 2841 Micio,
1773 2791 1846 2840 qui
1922 2824 1926 2829 .

290 2869 375 2907 leni
417 2869 561 2907 animo
603 2870 730 2907 natus
764 2869 842 2918 est,
876 2868 917 2906 id
949 2878 996 2906 se
1028 2868 1078 2906 de
1110 2868 1320 2906 industria
1350 2868 1503 2907 fecisse
1534 2867 1668 2917 fingit,
1702 2867 1845 2906 ratum

290 2944 401 2983 hanc
432 2954 526 2983 esse
559 2944 769 2993 optimam
802 2943 1083 2992 disciplinam.
