2002 3464
925 348 1004 388 121

173 474 269 515 Non
299 476 418 516 enim
443 458 677 516 admodum
703 475 984 515 temerariam
1011 475 1101 514 dixi
1128 476 1406 526 sententiam,
1436 486 1629 524 quaeque
1656 476 1747 515 veri

173 553 319 592 careat
348 552 503 602 specie.
535 552 629 592 Hoc
659 551 866 591 audacius
897 551 1033 590 videri
1064 551 1203 601 possit
1229 551 1340 600 quod
1366 562 1481 591 nunc
1506 551 1746 601 proloquar.

172 627 380 681 Quamvis
411 627 582 668 infirmo
614 628 807 667 nitamur
833 628 1115 667 fundamento
1143 627 1303 678 critico,
1332 630 1484 668 tamen
1510 639 1595 668 non
1623 628 1748 668 debet

170 705 391 754 quiescere
417 706 546 754 atque
574 715 744 744 cessare
768 705 1025 744 emendandi
1042 705 1174 744 labor.
1193 705 1484 754 Permagnam
1501 705 1573 745 ille
1590 705 1747 745 habere

169 781 314 830 potest
359 780 618 829 utilitatem;
664 781 954 829 quoniamque
996 791 1081 820 non
1123 781 1266 820 solum
1302 781 1459 820 Donati
1490 792 1636 831 manu,
1671 783 1746 821 sed

167 856 355 898 fortasse
384 856 520 896 etiam
551 857 855 896 commentarii
887 856 1074 896 editione
1107 868 1163 896 ex
1195 857 1302 896 artis
1330 858 1504 897 criticae
1530 859 1746 908 praceptis

168 934 418 984 comparata
453 933 697 972 carebimus
729 943 913 982 semper,
949 933 1208 972 coniecturis
1241 934 1453 973 utendum
1485 936 1564 974 est.
1598 935 1746 984 Neque

165 1006 268 1049 illae
295 1018 449 1048 omnes
480 1009 574 1048 tam
605 1009 709 1048 sunt
739 1009 929 1048 incertae
961 1019 1092 1057 quam
1125 1009 1234 1059 quis,
1265 1010 1424 1049 auditis
1456 1010 1609 1050 multis
1635 1012 1743 1051 mul-

164 1086 311 1126 torum
366 1085 418 1125 de
463 1085 737 1125 fundamenti
784 1085 922 1125 critici
969 1087 1139 1125 defectu
1187 1087 1482 1138 querimoniiS,
1532 1089 1744 1137 suspicari

163 1161 315 1211 possit.
357 1161 456 1212 Ipse
496 1162 840 1213 Westerhovius,
885 1174 1014 1212 quem
1047 1164 1249 1203 omnibus
1281 1165 1422 1204 modis
1455 1166 1745 1206 condemnant

163 1237 566 1288 reprehenduntque
607 1239 681 1288 qui
722 1239 774 1278 de
810 1239 988 1279 scholiis
1020 1240 1292 1279 Terentianis
1325 1242 1502 1280 edendis
1534 1242 1740 1292 scribunt,

162 1314 403 1364 permultas
434 1295 722 1355 correctiones
753 1316 984 1366 palmares,
1019 1318 1095 1355 aut
1127 1317 1179 1356 ab
1212 1317 1318 1367 ipso,
1353 1319 1429 1357 aut
1461 1328 1486 1357 a
1512 1318 1743 1368 Wielingio

162 1389 344 1439 aliisque
360 1391 562 1431 inventas
578 1392 702 1431 nobis
719 1392 907 1442 tradidit,
928 1403 1037 1441 quae
1055 1393 1158 1442 quin
1174 1394 1351 1433 omnino
1369 1394 1458 1433 sint
1474 1394 1743 1444 recipiendae

162 1465 342 1506 dubium
367 1477 455 1508 non
481 1469 561 1508 est.
588 1468 788 1518 Exempli
816 1479 948 1509 causa
964 1480 1099 1509 unam
1117 1470 1386 1519 alteramque
1403 1471 1474 1511 hic
1489 1481 1740 1526 proponam.

163 1600 165 1602 Ι
221 1542 354 1583 Andr.
401 1543 435 1595 Ι,
484 1545 524 1595 5,
574 1546 614 1585 6.
663 1545 917 1595 Pamphilus
965 1545 1208 1586 Chremetis
1250 1547 1387 1587 filiam
1429 1548 1511 1587 sibi
1554 1559 1579 1587 a
1619 1550 1742 1597 patre

159 1629 344 1660 uxorem
375 1620 637 1661 destinatam
673 1622 839 1662 audivit
870 1623 1099 1672 ipsumque
1131 1623 1408 1664 Chremetem
1435 1625 1535 1664 huic
1562 1625 1740 1665 consilio

160 1681 403 1736 assensum.
446 1697 594 1746 Neque
625 1698 830 1747 intelligit
861 1699 1008 1738 omnia
1038 1700 1146 1739 haec
1178 1711 1203 1739 a
1235 1701 1411 1740 senibus
1442 1701 1556 1741 ficta.
1590 1701 1738 1741 Excla-

159 1772 255 1812 mat
286 1781 388 1822 ergo
419 1773 464 1812 et
495 1773 581 1812 alia
611 1774 655 1813 et
686 1774 816 1814 haec:

279 1847 389 1898 Quid
420 1847 640 1900 Chremes,
675 1851 748 1899 qui
780 1851 1016 1901 denegarat
1046 1863 1094 1892 se
1117 1836 1466 1894 vcommissurum
1499 1855 1609 1894 mihi

279 1924 470 1965 Gnatam
500 1936 628 1966 suam
660 1937 856 1978 uxorem,
891 1929 933 1968 id
965 1930 1177 1970 mutavit!

158 2001 226 2041 Ad
255 2001 438 2041 verbum
469 2003 907 2043 commissurum
939 2006 1197 2045 annotatum
1229 2007 1438 2056 legimus:
1476 2009 1739 2058 „Putaverat

157 2077 332 2127 nuptias
363 2079 408 2118 et
438 2077 715 2119 Chremetem
747 2082 919 2120 mutare
952 2082 1225 2122 consilium.”
1255 2083 1374 2133 Quod
1401 2095 1534 2124 sensu
1562 2095 1737 2124 cassum
1778 2098 1783 2102 ’

114 2200 117 2202 q
156 2163 254 2194 esse
283 2153 613 2194 Westerhovius
644 2156 764 2206 vidit,
799 2157 978 2206 ideoque
1010 2159 1193 2198 coniecit
1219 2162 1734 2212 putaveratveras,

155 2239 287 2278 quam
333 2231 626 2272 coniecturam
668 2234 867 2274 Klotzius
912 2236 1092 2286 perfecit
1139 2237 1302 2277 edendo
1343 2239 1506 2287 putat
1556 2250 1734 2278 veras

156 2305 267 2346 Illud
308 2308 456 2347 autem
497 2319 663 2349 veras
706 2313 824 2357 (nam
866 2314 1014 2352 utrum
1056 2315 1365 2362 putaverat
1396 2326 1452 2354 an
1483 2317 1649 2365 putat
1679 2317 1734 2355 le-

155 2391 312 2431 gamus
342 2393 497 2432 parum
528 2384 723 2433 interest)
752 2388 848 2436 quis
875 2389 968 2428 tam
994 2399 1225 2438 perversus
1253 2392 1321 2430 est
1346 2392 1396 2430 ut
1420 2392 1600 2441 probare
1628 2392 1737 2432 nolit

155 2458 362 2507 quoniam
392 2459 437 2498 111
467 2460 691 2501 nullodum
723 2462 952 2504 inventum
984 2465 1043 2504 sit
1075 2466 1251 2506 codice?

212 2533 318 2574 Eun.
366 2534 416 2586 V,
465 2537 505 2586 3,
555 2539 594 2578 6.
643 2539 838 2590 Pythias,
883 2541 1059 2582 Thaidis
1102 2543 1270 2593 ancilla,
1316 2546 1734 2594 appropinquantem

154 2609 272 2650 videt
314 2610 590 2653 Chremetem
628 2625 727 2655 cum
759 2617 948 2657 nutrice:
983 2619 1171 2668 suspicio
1205 2620 1322 2659 enim
1354 2622 1458 2660 nata
1491 2623 1584 2661 erat
1616 2622 1733 2662 illius

153 2684 398 2727 Chremetis
413 2698 510 2728 esse
527 2699 718 2731 sororem
735 2693 923 2742 puellam
944 2694 1065 2734 illam
1077 2706 1103 2734 a
1119 2695 1281 2736 Thaide
1299 2698 1520 2747 eductam;
1540 2700 1732 2739 nondum

153 2763 303 2802 tamen
335 2765 454 2803 certa
484 2775 554 2805 res
586 2769 690 2818 erat,
725 2770 991 2809 ostendenda
1023 2771 1157 2810 etiam
1188 2795 1219 2799 -ν
1261 2773 1323 2812 ita
1354 2775 1403 2813 ut
1433 2773 1483 2813 fit
1507 2798 1553 2802 —
1574 2759 1755 2816 nutrici

151 2839 275 2878 erant
301 2837 348 2877 τὰ
369 2838 468 2888 πρὸς
484 2839 552 2879 τὸν
570 2840 846 2895 ἀναγνωρισμό
854 2861 884 2884 ν.
903 2846 1014 2895 Ergo
1031 2847 1215 2887 vixdum
1232 2849 1435 2889 iuvenem
1454 2861 1553 2890 cum
1572 2852 1730 2893 comite

133 2923 232 2969 ‚sua
262 2916 490 2966 conspexit
520 2917 712 2971 Pythias,
748 2931 855 2978 cum,
879 2933 981 2962 eum
1012 2924 1272 2975 interrogat:
