2002 3464
1026 414 1107 452 146

282 539 400 578 Davo
441 538 582 577 visam
624 537 740 576 senis
781 537 1027 586 stultitiam,
1062 548 1159 576 cum
1191 538 1356 578 dubitet
1387 540 1519 579 etiam
1551 541 1840 582 resciturusne
1913 559 1916 563 ·

282 614 352 652 ille
384 613 442 652 sit
474 623 528 652 an
559 613 686 651 non.''

341 691 410 728 44.
454 690 574 727 Ficta
614 688 858 727 narratione
900 698 1049 727 senem
1091 689 1329 728 confutavit
1369 690 1536 739 Davus;
1580 691 1651 730 ille
1693 692 1839 731 autem

281 764 399 803 solus
430 764 605 802 relictus
636 763 698 802 sic
729 773 877 801 secum
907 762 1023 811 loqui
1054 762 1224 812 incipit:

458 839 551 877 Non
582 838 754 887 impulit
783 848 854 877 me
886 838 991 876 haec
1022 848 1135 877 nunc
1166 839 1339 878 omnino
1370 842 1419 879 ut
1450 841 1680 880 crederem.

281 917 545 956 Annotatur:
594 916 706 954 Non
748 914 989 964 impulit]
1038 924 1148 964 „non
1189 916 1414 966 persuasit,
1458 927 1542 955 non
1583 917 1761 966 perfecit
1790 918 1840 957 ut

281 994 498 1032 crederem
531 992 776 1041 Glycerium
807 991 1065 1044 peperisse.”
1100 992 1239 1031 Immo
1271 1003 1395 1031 vero:
1432 993 1704 1042 „Glycerium
1735 1003 1839 1033 non

279 1069 538 1117 peperisse.'’
582 1067 641 1106 Of.
685 1067 796 1115 quod
838 1067 1052 1114 sequitur:
1100 1068 1174 1116 „ut
1215 1067 1404 1106 crederet
1445 1068 1555 1116 quod
1593 1068 1838 1117 Glycerium

279 1154 364 1182 non
404 1143 683 1192 peperisset.”
728 1142 996 1191 Quamquam
1038 1152 1091 1180 ne
1133 1142 1195 1181 sic
1236 1143 1408 1191 quidem
1450 1144 1601 1183 verum
1642 1143 1691 1183 fit
1727 1145 1838 1194 quod

279 1220 521 1257 annotatur.
564 1218 709 1257 Davus
752 1217 867 1256 enim
908 1216 1009 1256 ficta
1049 1227 1128 1256 sua
1159 1201 1404 1257 narratione
1436 1219 1516 1257 1100
1547 1219 1759 1267 spectavit
1789 1221 1839 1258 ut

278 1305 413 1333 senex
454 1294 623 1332 credere
664 1293 859 1341 pergeret
899 1293 1071 1340 partum
1113 1292 1235 1330 illum
1270 1293 1455 1341 Glycerii
1486 1293 1636 1332 fictum
1669 1304 1764 1333 esse
1795 1295 1839 1334 et

278 1370 451 1417 insuper
490 1369 570 1406 hoc
611 1367 856 1416 opinaretur
897 1378 982 1406 non
1023 1377 1048 1405 a
1088 1378 1134 1406 se
1177 1367 1321 1414 (Davo)
1365 1369 1658 1419 Pamphilove‚
1701 1369 1776 1408 sed
1813 1379 1838 1408 a

278 1445 472 1493 Glycerio
544 1444 636 1482 sola
705 1442 867 1482 fictum.
931 1443 1012 1481 Sed
1074 1443 1365 1491 compilatoris
1426 1444 1495 1482 hic
1557 1455 1684 1494 error,
1752 1455 1837 1484 non

279 1521 456 1559 scribae.

336 1671 410 1721 III,
455 1672 493 1719 5,
541 1670 577 1708 1.
620 1669 722 1707 Ubi
764 1668 890 1706 illic
932 1669 1018 1706 est
1059 1669 1270 1718 scelus,
1305 1670 1395 1717 qui
1427 1680 1507 1709 me
1538 1670 1832 1719 perdidit?]

280 1747 371 1796 „Ad
407 1745 686 1793 intellectum,
720 1754 803 1782 non
837 1744 888 1782 ad
921 1753 1077 1792 genera
1108 1745 1272 1793 redegit
1304 1746 1347 1783 et
1379 1746 1446 1784 est
1476 1744 1612 1794 figura
1643 1745 1836 1797 σύλληψις

276 1833 350 1870 per
381 1831 549 1870 genera.
582 1819 809 1867 Virgilius:

780 1895 885 1933 Pars
917 1894 960 1932 in
991 1894 1130 1933 frusta
1160 1896 1321 1934 secant.

337 1972 417 2010 Sed
458 1971 527 2009 hic
567 1969 704 2018 figura
746 1971 812 2008 est
852 1980 926 2018 per
967 1980 1193 2009 numeros:
1227 1981 1329 2009 nam
1361 1971 1460 2019 quia
1491 1971 1682 2011 scelus
1727 1981 1832 2011 800-

275 2048 460 2086 lestus
492 2045 757 2094 intelligitur,
792 2045 918 2083 modo
951 2045 1042 2093 qui
1074 2045 1309 2095 subiunxit,
1342 2056 1427 2085 non
1459 2047 1640 2094 quod.”

335 2122 540 2172 Quamvis
597 2131 750 2159 sensus
801 2121 955 2159 horum
1002 2121 1059 2159 sit
1103 2122 1371 2171 perspicuus„
1415 2122 1640 2161 confusum
1685 2123 1833 2161 tamen

275 2197 466 2236 scholion
508 2197 695 2244 apparet.
738 2195 829 2234 Duo
871 2195 1034 2234 scholia
1077 2195 1269 2234 eiusdem
1311 2197 1554 2245 argumenti
1596 2197 1647 2236 ab
1689 2197 1832 2246 inepto

276 2273 552 2321 compilatore
596 2270 892 2310 coniunctione
925 2281 1046 2309 nam
1078 2270 1191 2309 inter
1223 2281 1269 2309 se
1302 2271 1595 2319 conglutinata
1626 2273 1830 2321 suspicor.

334 2350 358 2387 3
392 2359 453 2396 sq.
488 2348 642 2386 Secum
676 2347 738 2385 sic
768 2347 1032 2385 lamentatur
1063 2346 1335 2395 Pamphilus:

626 2424 788 2462 Servon
819 2423 1013 2461 fortunas
1045 2433 1166 2461 meas
1197 2432 1267 2461 me
1300 2423 1571 2462 commisisse
1602 2423 1747 2462 futili?

450 2500 558 2548 Ergo
589 2499 777 2548 pretium
809 2498 860 2537 ob
893 2498 1126 2538 stultitiam
1157 2498 1259 2537 fero.

272 2577 538 2614 Annotatur:
577 2574 828 2613 Pretium
860 2574 921 2613 ob
954 2574 1288 2620 stultitiam]
1326 2575 1422 2623 „Sic
1452 2575 1631 2614 Plautus
1661 2575 1829 2615 locutus

273 2653 360 2690 est:
393 2651 637 2699 pretium
679 2650 739 2688 ob
782 2650 973 2688 asinos
1003 2660 1078 2698 pro
1110 2650 1329 2688 asinorum
1360 2650 1559 2698 pretium.
1591 2651 1738 2700 Virgil.

449 2726 557 2764 Rem
589 2735 794 2773 magnam
825 2725 1095 2773 pretiumque
1125 2735 1271 2763 morae
1302 2725 1404 2764 fore.

331 2802 383 2840 Et
415 2802 537 2840 alibi:

451 2877 579 2915 Illum
612 2876 796 2924 Tydides
828 2875 910 2914 alio
942 2885 1017 2923 pro
1049 2875 1207 2914 talibus
1239 2877 1357 2915 ausis

449 2952 604 2990 Affeci‘c
634 2951 783 2999 pretio.
