2002 3464
26 484 42 492 ’Ἣ
57 463 99 501 ...Φ

35 502 75 521 3„

927 361 1009 399 :201

187 488 259 539 „et
287 488 369 527 hoc
400 498 461 527 ea
493 498 575 526 rec.
605 487 714 526 est.”
744 486 987 525 Pronomen
1015 496 1076 524 ea
1102 485 1370 534 reciprocum
1397 483 1554 523 dicitur
1580 483 1681 531 quia
1708 483 1760 522 ad

181 564 484 615 praecedentia
515 564 583 603 est
612 563 898 602 referendum.

244 642 314 683 77.
363 641 471 691 Quid
518 642 585 680 est
627 640 886 680 narratio
930 638 1287 678 constituta?
1319 637 1486 686 Agitur,
1521 636 1564 675 id
1595 636 1707 684 quod
1739 646 1762 675 e

43 737 50 740 ·>
92 721 118 756 ss
182 717 538 768 praecedentibus
586 718 775 766 apparet,
825 716 870 755 in
915 714 1162 754 narratione
1210 714 1261 753 de
1307 713 1491 752 fallaciis
1532 713 1761 752 hominum

182 793 297 834 inter
342 804 390 833 se
437 792 760 833 colludentium.
811 792 947 841 Igitur
992 790 1223 840 legendum
1271 799 1367 829 esse
1413 789 1608 838 suspicor
1649 798 1761 827 nar-

181 870 335 911 ratio
367 869 696 910 constituti.

243 947 314 988 82.
358 946 529 996 Quum
571 947 629 985 tu
662 946 858 985 horum
890 945 970 984 nil
1001 943 1265 990 refelles]
1304 942 1639 992 „interrogative
1671 952 1762 991 pro-

181 1023 472 1063 nuntiandum
514 1023 624 1062 est.'’
670 1021 761 1072 Qui,
801 1032 974 1071 quaeso,
1008 1020 1165 1069 aliquis
1196 1020 1304 1059 haec
1335 1019 1389 1058 in
1401 1019 1420 1058 t
1432 1029 1454 1057 e
1467 1030 1488 1058 r
1499 1030 1520 1058 r
1532 1028 1556 1057 o
1568 1029 1596 1067 g
1607 1029 1632 1058 a
1643 1019 1663 1058 t
1674 1018 1688 1057 i
1699 1029 1727 1057 v
1740 1028 1762 1057 e

181 1100 459 1150 pronuntiare
506 1100 652 1148 potest
663 1099 684 1137 ἓ)
725 1098 832 1137 Pars
874 1097 1097 1137 lemmatis
1138 1095 1277 1146 periit.
1323 1094 1480 1135 Censet
1522 1095 1652 1145 enim,
1686 1095 1762 1134 sed

162 1199 165 1200 ν
181 1186 397 1226 perverse,
432 1175 477 1215 in
509 1175 607 1214 istis
621 1186 630 1213 ;

1234 1248 1391 1289 Omnia
1421 1249 1529 1288 haec

305 1327 583 1377 Confingam:
617 1327 730 1376 quod
763 1327 846 1366 erit
876 1327 986 1365 mihi
1017 1327 1179 1366 bonum
1211 1328 1341 1375 atque
1369 1327 1660 1375 commodum,

303 1404 445 1455 Quum
477 1405 525 1444 tu
556 1405 713 1444 horum
746 1404 806 1442 nil
838 1404 1022 1453 refelles,
1056 1404 1230 1444 vincam
1259 1403 1425 1443 scilicet

181 1491 209 1531 q
222 1492 251 1521 u
264 1481 326 1522 od
359 1491 456 1520 esse
487 1491 726 1530 pronomen
758 1480 1132 1529 interrogativum.

243 1559 315 1599 85.
348 1558 581 1598 Factum
623 1559 748 1607 est,
772 1558 1004 1597 ventum
1037 1558 1136 1607 est,
1170 1557 1479 1603 vincimur]
1518 1557 1688 1607 „brevis
1721 1557 1765 1596 et

183 1634 321 1674 comis
363 1634 598 1674 narratio.'’
641 1634 770 1673 Nulla
812 1634 992 1683 cogitari
1029 1635 1173 1683 potest
1206 1634 1382 1673 comis
1413 1634 1617 1673 narratio.
1650 1634 1763 1682 Lege

182 1721 284 1760 ergo
342 1710 577 1760 comica,
633 1720 717 1758 quo
765 1710 978 1749 adiectivo
1026 1710 1253 1759 aptissime
1299 1710 1561 1749 narrationis
1607 1711 1764 1749 natura

182 1785 465 1836 significatur.

243 1937 276 1987 I,
310 1938 350 1987 3,
389 1937 455 1976 10.
498 1937 624 1987 „Ideo
656 1937 861 1976 insanum
893 1937 954 1976 alt
985 1937 1293 1987 Antiphonem,
1328 1937 1401 1985 qui
1432 1937 1477 1976 in
1509 1947 1560 1976 ea
1590 1937 1764 1976 fortuna

181 2013 362 2063 possitue,
413 2023 524 2062 quae
571 2013 754 2052 adversa
801 2014 845 2052 et
891 2013 1107 2052 contraria
1153 2014 1221 2052 est
1267 2013 1383 2052 idem
1429 2013 1620 2062 patiatur
1651 2013 1764 2061 quod

182 2089 361 2138 miser.’'
420 2089 572 2128 Nonne
623 2099 724 2138 ergo
771 2099 923 2128 revera
969 2089 1104 2128 miser
1150 2090 1223 2138 qui
1270 2090 1315 2128 in
1361 2089 1535 2128 fortuna
1581 2089 1765 2128 adversa

182 2166 351 2216 positus
392 2166 492 2205 est?
535 2165 590 2204 Et
631 2175 740 2214 quae
784 2166 851 2204 est
892 2165 1124 2205 fortuna
1166 2166 1492 2205 contraria?
1532 2166 1625 2205 Duo
1657 2166 1766 2205 vitia

183 2252 271 2282 una
286 2241 550 2282 correctione
567 2241 817 2281 emendabis
834 2241 1014 2290 legendo
1036 2242 1139 2280 adv
1153 2252 1313 2281 ersae
1335 2252 1411 2291 pro
1434 2242 1676 2281 adversa
1698 2242 1763 2280 et.

247 2319 314 2359 13.
376 2318 678 2368 „opportunus
724 2319 844 2358 locus
891 2319 936 2358 in
983 2329 1065 2367 quo
1112 2319 1377 2369 ostendatur,
1427 2299 1558 2368 quam
1606 2329 1765 2368 magno

184 2406 332 2435 amore
359 2395 418 2435 sit
445 2405 675 2444 possessus
701 2395 925 2446 Phaedria,
951 2396 1019 2435 cui
1035 2406 1113 2445 par
1129 2396 1394 2445 impenditur
1411 2397 1762 2445 argumentum.”

184 2471 353 2511 Ultima
382 2472 501 2519 ‚haec
533 2472 622 2511 cui
652 2482 750 2521 par
781 2472 1135 2521 impenditur
1167 2473 1563 2521 argumentum
1596 2482 1763 2521 corrup-

183 2547 359 2587 tissima
391 2548 604 2598 videntur,
638 2549 714 2587 sed
747 2550 895 2598 aptam
929 2549 1240 2597 correctionem
1273 2559 1359 2588 non
1392 2549 1584 2588 invenio.

244 2699 276 2750 Ι,
321 2700 360 2749 4,
409 2700 477 2739 21.
532 2692 734 2749 „Propria
775 2702 819 2740 et
860 2711 940 2740 sua
982 2701 1135 2750 cuique
1171 2711 1381 2750 personae
1414 2701 1623 2751 exhibuit,
1660 2701 1764 2740 cele-

184 2775 362 2814 ritatem
405 2786 460 2815 ex
498 2777 724 2825 praesagio
761 2778 976 2817 metuenti
1008 2777 1246 2826 Antiphoni
1282 2778 1326 2817 et
1357 2778 1610 2817 tarditatem
1643 2778 1764 2817 intel-

184 2852 323 2891 lectus
381 2853 514 2900 quieti
570 2854 763 2902 pectoris·
813 2865 965 2894 securo
1022 2855 1302 2894 Phaedriae.’'
1361 2855 1508 2894 Insere
1566 2856 1619 2894 et
1666 2851 1764 2904 post

184 2928 460 2977 pectoris,
