2002 3464
1024 384 1048 422 6

315 509 369 547 65
402 508 649 556 Legendum
680 507 788 545 mihi
820 508 977 546 videri:

372 583 515 632 Egone
537 582 657 621 illam
680 593 787 631 quae
810 582 944 632 illum,
970 593 1076 631 quae
1098 594 1168 623 me
1191 595 1286 634 non,
1312 596 1488 634 quae...
1513 589 1605 626 sine
1627 588 1754 627 modo

256 660 344 698 iam
385 658 475 697 dixi
516 658 560 697 in
602 659 880 706 Mnemosyne
923 659 1018 704 (voi.
1061 659 1144 698 XX
1184 671 1223 709 p.
1271 661 1380 708 167).
1425 661 1561 711 Quam
1593 663 1724 711 durus
1755 663 1814 704 sit

256 735 457 783 vulgatus
498 734 728 773 verborum
769 734 869 773 ordo
911 745 1038 774 nemo
1079 735 1354 775 Lachmanno
1397 737 1551 776 clarius
1593 738 1810 788 indicavit,

256 811 326 859 qui
370 811 422 849 ad
463 809 733 858 Propertium
775 810 820 859 (I,
866 810 903 859 2,
950 810 1018 855 25)
1061 810 1123 849 sic
1147 795 1446 860 ‘supplendum
1484 823 1579 853 esse
1611 815 1810 853 annotat:

261 896 419 936 „egone
450 886 569 925 illam
604 886 795 935 (adeam),
831 895 938 933 quae
970 886 1092 924 illum
1125 887 1324 937 (recepit),
1359 898 1466 936 quae
1497 900 1568 928 me
1595 899 1702 938 quae
1728 900 1813 930 non

257 962 359 1010 (pati
390 962 535 1007 facit)’'
570 961 631 1000 ita
661 962 710 1000 ut
741 961 815 1000 illa
846 971 982 1009 quae
1014 972 1118 1000 non
1150 962 1309 1001 Graeco
1340 962 1379 1001 τί
1407 962 1455 1002 οὐ
1479 956 1570 1003 sint
1599 949 1780 1005 similia!

317 1038 371 1076 68
404 1047 466 1085 sq.
529 1038 625 1075 Iure
672 1036 717 1075 hi
757 1047 908 1076 versus
951 1016 1280 1076 admirationem
1330 1041 1528 1078 movent:
1571 1050 1657 1080 non
1698 1041 1813 1081 enim

256 1114 454 1162 poterant
483 1113 664 1162 lepidius
696 1114 935 1152 meretricis
966 1113 1195 1162 perstringi
1227 1115 1342 1153 artes
1377 1115 1654 1165 fallaciaeque
1684 1127 1814 1166 quam

256 1191 325 1229 hic
355 1191 565 1229 Parmeno
597 1189 722 1228 facit:

466 1265 584 1304 Haec
613 1265 745 1303 verba
775 1264 849 1303 illa
878 1275 965 1303 una
995 1275 1066 1303 me
1097 1265 1238 1304 hercle
1274 1266 1384 1305 falsa
1414 1266 1638 1306 lacrimula

467 1341 603 1390 Quam
635 1340 779 1379 oculos
810 1340 985 1379 terendo
1016 1340 1174 1379 misere
1205 1341 1281 1380 vix
1312 1341 1356 1380 vi
1388 1343 1648 1391 expresserit

464 1417 730 1479 Restinguet.

261 1493 376 1542 Quod
404 1493 551 1531 autem
577 1492 797 1540 Bentlejus
822 1492 1042 1541 proposuit
1067 1493 1275 1532 misera
1300 1504 1375 1542 pro
1401 1494 1607 1533 misere
1633 1494 1813 1534 minime

259 1569 522 1617 probandum
564 1569 746 1607 videtur.
789 1568 967 1616 Egregie
1009 1568 1124 1607 enim
1166 1568 1237 1608 illo
1279 1554 1492 1608 misere
1527 1571 1707 1619 augetur
1746 1571 1814 1610 vis

260 1644 455 1683 vocabuli
485 1643 592 1683 vix.

809 1891 954 1931 Aorus
986 1892 1017 1930 I.
1053 1891 1196 1930 SGENA
1229 1892 1266 1930 2.

321 2023 541 2063 Stantibus
583 2023 821 2062 etiamdum
863 2025 962 2063 ante
1004 2024 1177 2062 Thaidis
1214 2023 1373 2062 ostium
1404 2023 1613 2062 Phaedria
1644 2025 1688 2063 et
1717 2024 1813 2062 Par-

258 2110 452 2149 menone,
488 2100 531 2139 et
561 2100 640 2138 hoc
672 2099 835 2148 optima
866 2109 1056 2147 quaeque
1082 2100 1297 2148 monente,
1326 2099 1398 2138 illo
1425 2099 1494 2138 vel
1521 2098 1718 2138 audiente
1744 2098 1815 2138 vel

259 2187 343 2215 non
385 2175 595 2224 audiente,
639 2176 732 2224 ipsa
773 2175 903 2214 Thais
944 2175 1094 2225 prodit,
1140 2186 1288 2214 secum
1329 2175 1536 2223 loquendo
1568 2173 1814 2224 significans

259 2262 388 2299 quam
429 2251 598 2290 metuat
638 2261 691 2289 ne
733 2250 846 2290 iusto
885 2250 1059 2299 gravius
1100 2251 1210 2290 ferat
1250 2250 1459 2289 Phaedria
1494 2250 1603 2299 quod
1634 2250 1726 2289 heri
1757 2249 1815 2289 sit

259 2327 472 2365 exclusus
517 2326 738 2364 Reverane
780 2336 967 2365 secum
1008 2327 1114 2365 haec
1154 2326 1351 2375 loquitur,
1396 2336 1421 2364 a
1451 2325 1567 2365 nullo
1599 2335 1646 2364 se
1678 2325 1814 2364 audiri

258 2403 364 2451 rata,
408 2412 613 2440 reverane
655 2401 794 2440 solam
835 2412 881 2440 se
924 2411 1018 2440 esse
1058 2403 1193 2451 putat,
1238 2412 1292 2440 an
1329 2401 1565 2440 simulat
1596 2411 1622 2440 a
1652 2411 1699 2440 se
1729 2411 1815 2441 non

259 2478 376 2517 visos
418 2477 673 2523 Phaedriam
706 2479 749 2516 et
780 2478 1125 2517 Parmenonem?
1156 2477 1357 2516 Veterem
1389 2476 1668 2516 scholiastam
1700 2477 1812 2516 audi·
1871 2477 1873 2479 ’

259 2563 396 2592 amus.
444 2553 509 2591 Ad
556 2563 619 2592 vs.
664 2554 732 2602 85,
776 2553 847 2591 ubi
888 2553 1018 2592 Thais
1058 2552 1337 2592 Parmenonis
1377 2562 1482 2591 voce
1523 2552 1669 2592 audita
1708 2553 1814 2592 haec

258 2628 381 2682 dicit:
420 2629 540 2678 „quis
571 2628 641 2667 hio
671 2628 857 2676 loquitur
869 2629 916 2667 ‘2⁵’
950 2628 1020 2667 ille
1054 2629 1253 2667 annotat:
1290 2638 1401 2677 „non
1432 2627 1629 2676 imperite
1659 2608 1811 2667 intelli-

258 2706 374 2754 gunt,
410 2704 481 2752 qui
514 2704 769 2743 existimant
795 2704 1067 2743 meretricem
1095 2703 1227 2743 etiam
1253 2703 1333 2742 hoc
1360 2703 1564 2741 simulare
1591 2703 1701 2751 quod
1727 2713 1812 2742 non

257 2780 515 2828 praeviderit
546 2779 813 2818 Phaedriam.
847 2780 959 2818 Nam
992 2781 1035 2818 et
1065 2789 1271 2828 personae
1304 2780 1346 2817 et
1378 2778 1502 2817 dictis
1535 2778 1626 2817 eius
1658 2776 1810 2830 ceteris

259 2855 480 2894 convenit:
524 2856 567 2894 et
608 2857 710 2894 tunc
751 2857 876 2894 erunt
916 2855 1104 2903 gratiosa
1137 2854 1176 2900 (1.
1211 2865 1245 2896 e.
1279 2854 1331 2892 ad
1363 2853 1595 2892 Phaedriae
1627 2852 1811 2901 gratiam

266 2924 521 2979 captandam
572 2931 684 2979 apta)
728 2930 884 2980 omnia,
928 2941 1035 2979 quae
1071 2940 1199 2979 supra
1240 2929 1390 2968 dixit.”
1433 2927 1667 2967 Verissime
1706 2927 1812 2965 haec
