2002 3464
914 392 968 430 85

153 519 259 558 urbe
290 518 515 558 narratum
546 517 635 556 ruri
666 526 751 555 non
783 526 880 555 esse
912 514 1231 564 Ctesiphonem.
1265 515 1323 554 At
1349 514 1422 553 ubi
1448 523 1633 563 persona
1661 516 1729 552 est

154 594 452 644 adolescentis,
486 594 530 633 et
559 591 845 642 proficiscitur
876 592 929 631 ad
961 592 1112 631 villam
1145 592 1188 630 et
1220 591 1423 631 continuo
1456 590 1578 640 redit,
1607 591 1654 628 ut
1683 590 1728 628 in

153 671 359 711 Eunucho
389 669 643 709 Phaedria.''
675 668 855 717 Egregie
883 668 991 707 haec
1018 668 1248 707 observata
1274 667 1488 706 videntur.
1519 666 1584 705 Sit
1611 665 1728 705 enim

153 748 287 788 durus
327 747 458 786 homo
498 745 673 795 Demea,
708 745 767 783 sit
797 754 998 783 morosus
1031 745 1074 783 et
1105 744 1248 783 omnis
1279 743 1526 783 venustatis
1558 753 1726 792 expers,

154 825 200 864 at
230 833 366 863 senex
397 822 476 872 est,
509 820 794 871 grandaevus,
829 819 1001 859 infirmo
1034 831 1221 869 corpore.
1255 820 1471 859 Lubenter
1499 830 1599 869 ergo
1628 830 1729 858 eum

152 899 245 939 falli
289 898 502 948 videmuS,
544 896 728 936 ludibrio
770 896 918 935 haberi
960 897 1004 935 et
1046 896 1373 936 absurdissimis
1409 896 1729 936 narrationibus

140 963 252 1015 ‘inde
282 974 484 1024 ablegari,
517 973 591 1012 ubi
621 972 869 1022 praesentia
895 972 988 1011 eius
1016 973 1198 1012 minime
1226 983 1333 1021 opus
1362 973 1452 1012 est:
1481 973 1527 1011 at
1544 972 1730 1011 eundem

150 1050 416 1107 longioribus
455 1049 599 1098 rumpi
641 1048 1009 1088 ambulationibus
1052 1059 1178 1097 aegre
1210 1049 1413 1088 ferimus:
1448 1049 1618 1097 agreste
1650 1048 1731 1087 hoc

151 1126 276 1166 nobis
315 1126 499 1176 videtur,
543 1125 727 1175 crudele,
762 1125 1067 1174 inhumanum,
1102 1126 1146 1164 et
1178 1125 1223 1163 in
1254 1125 1398 1164 locum
1431 1124 1730 1164 delectationis

153 1183 345 1243 comicae
376 1202 556 1242 acerbus
588 1201 766 1250 quidam
797 1201 919 1241 venit
950 1201 1272 1240 misericordiae
1304 1211 1474 1240 sensus.

211 1278 316 1319 Hec.
360 1279 446 1319 725
483 1288 547 1327 sq.
590 1278 757 1318 Laches
790 1278 834 1316 et
867 1277 1116 1327 Phidippus,
1150 1278 1296 1326 patres
1328 1277 1399 1316 hic
1430 1277 1624 1327 virginis,
1659 1277 1731 1316 ille

151 1344 323 1397 iuvenis
363 1354 437 1404 qui
480 1364 578 1394 eam
611 1354 749 1404 duxit,
785 1354 837 1392 de
868 1353 1103 1393 liberorum
1137 1353 1378 1392 commodis
1411 1353 1524 1392 inter
1555 1363 1602 1392 se
1636 1363 1730 1392 con-

151 1430 341 1472 sultant:
373 1431 525 1471 vident
556 1431 674 1470 enim
706 1430 881 1470 illorum
913 1429 1088 1479 nuptias
1118 1440 1275 1479 parum
1307 1440 1403 1469 esse
1434 1428 1597 1479 firmas,
1627 1440 1729 1479 nup-

152 1509 248 1549 tam
293 1518 321 1548 a
365 1507 526 1548 marito
567 1517 746 1557 peregre
788 1507 871 1546 iter
902 1506 1088 1546 faciente
1120 1506 1387 1557 discessisse,
1421 1506 1536 1545 hunc
1567 1506 1729 1556 autem,

153 1585 243 1625 iam
287 1595 526 1634 reversum,
574 1584 763 1633 recipere
811 1593 910 1623 eam
956 1583 1083 1622 nolle.
1133 1582 1241 1632 Quid
1287 1583 1348 1622 rei
1396 1583 1455 1622 sit
1495 1583 1731 1631 quaerunt:

152 1661 332 1703 tandem
363 1660 576 1711 suspicari
608 1660 821 1709 incipiunt
852 1659 1079 1699 Bacchidis
1110 1659 1374 1710 peregrinae,
1408 1669 1595 1708 quacum
1627 1658 1732 1698 olim

113 1748 119 1752 ·
152 1738 278 1790 vixit,
311 1737 451 1778 teneri
483 1737 736 1777 etiamnunc
773 1736 1094 1775 adolescentem
1123 1746 1283 1775 amore.
1311 1736 1436 1775 Hanc
1463 1746 1563 1784 ergo
1596 1745 1733 1774 arces·

153 1803 335 1854 sendam
382 1824 480 1854 esse
526 1814 764 1853 decernunt
810 1814 855 1852 et
899 1811 971 1851 vel
1017 1812 1150 1851 minis
1201 1812 1295 1856 vel,
1323 1812 1522 1861 precibus
1568 1821 1733 1860 permo-

153 1891 342 1931 vendam
387 1891 438 1930 ut
483 1891 727 1930 amatorem
774 1899 905 1928 suum
952 1889 1141 1928 missum
1182 1889 1327 1928 faciat.
1372 1888 1509 1937 Igitur
1550 1888 1603 1927 ad
1636 1898 1734 1927 eam

154 1967 320 2007 Laches
365 1977 548 2016 puerum
594 1966 746 2015 mittit,
793 1965 1030 2014 Phidippus
1071 1975 1186 2015 vero,
1220 1966 1453 2014 postquam
1486 1975 1534 2004 se
1566 1974 1735 2013 quoque

154 2053 330 2093 operam
373 2042 575 2083 omnibus
612 2042 754 2082 modis
786 2042 992 2081 daturum
1022 2041 1224 2090 promisit
1256 2042 1305 2080 ut
1336 2051 1417 2080 sua
1448 2040 1734 2088 Lachetisque

155 2120 409 2169 permaneat
439 2119 640 2169 afflnitaS,
675 2118 790 2158 hunc
821 2119 968 2167 rogat:

350 2195 433 2236 Sed
463 2195 538 2234 vin
571 2195 723 2234 adesse
755 2205 828 2234 me
859 2205 958 2245 una,
993 2194 1098 2233 dum
1131 2195 1264 2233 istam
1298 2193 1503 2233 convenis
1515 2189 1548 2233 ‘?'

156 2273 203 2311 at
242 2271 338 2312 ille:
385 2271 549 2322 „immo
591 2271 660 2310 abi
698 2271 830 2310 ver0”
864 2271 1107 2320 respondet.
1141 2270 1223 2310 Hic
1255 2270 1499 2309 Scholiasta
1530 2271 1734 2309 annotat:

161 2347 341 2397 „Melius
381 2347 745 2397 pronuntiaveris,
789 2347 827 2386 si
869 2346 1084 2386 renitente
1126 2347 1170 2385 et
1196 2346 1468 2395 improbante
1499 2346 1581 2385 hoc
1611 2346 1738 2385 vultu

157 2423 297 2464 dicere
328 2423 545 2474 acceperis
578 2423 851 2474 Phidippum,
886 2424 1010 2473 quasi
1042 2434 1129 2462 non
1161 2415 1361 2472 oporteat
1383 2423 1595 2462 interesse
1622 2433 1736 2462 soce-

157 2510 269 2540 rum.
303 2499 403 2539 Ideo
433 2501 579 2540 mutat
611 2500 877 2540 sententiam
910 2500 1075 2539 Laches
1108 2501 1152 2538 et
1183 2499 1348 2548 relegat
1380 2509 1481 2538 eum
1513 2499 1557 2538 in
1588 2509 1735 2547 procu:

157 2576 373 2616 rationem
415 2576 595 2616 alterius
636 2577 740 2616 rei.’'
779 2577 972 2626 Egregie,
1006 2577 1055 2616 ut
1087 2576 1249 2626 opinor,
1285 2575 1474 2615 Terentii
1507 2575 1737 2615 consilium

156 2652 401 2702 perspexit:
445 2652 653 2692 adversus
685 2653 1010 2692 meretriculam
1044 2653 1161 2692 enim
1194 2652 1428 2702 imperiosa
1458 2651 1591 2691 verba
1621 2651 1734 2690 vale-

158 2728 267 2768 bunt
313 2729 433 2779 nihil,
481 2729 702 2769 blanditiis
749 2730 832 2769 erit
874 2730 1175 2779 aggredienda.
1218 2729 1311 2768 Hoc
1344 2730 1493 2768 autem
1525 2730 1574 2768 ut
1606 2728 1763 2767 faciat·

158 2804 329 2844 iuvenis
370 2805 493 2854 pater
524 2805 601 2844 vix
631 2805 807 2854 quidem
839 2806 915 2845 sed
948 2805 1091 2854 aliquo
1124 2806 1274 2844 tamen
1304 2805 1433 2844 modo
1467 2815 1493 2843 a
1523 2814 1571 2843 se
1604 2804 1734 2853 impe-

158 2881 313 2930 trabit;
358 2882 518 2930 nuptae
559 2891 661 2920 vero
701 2883 824 2931 pater
865 2883 914 2921 ut
957 2892 1057 2921 cum
1089 2880 1202 2920 filiae
1235 2890 1340 2919 suae
1371 2880 1523 2929 pellice
1557 2879 1739 2919 comiter

159 2957 275 3006 loqui
322 2958 461 3008 possit
506 2958 680 2997 tantum
723 2957 845 2999 abest
876 2959 926 2999 ut
958 2944 1091 2999 etiam
1124 2957 1276 2999 adesse
1308 2967 1408 2996 eum
1440 2956 1599 3010 pudeat
1632 2956 1737 2996 dum
