2002 3464
0 0 125 118 Ε

0 91 17 114 μ.
59 86 81 106 ³.

0 209 18 216 »a

919 343 1003 382 213

169 467 404 516 anteponit.
451 468 615 508 Demea
663 468 734 507 ille
781 468 825 506 in
873 467 1092 516 AdelphiS,
1141 467 1214 506 ubi
1257 468 1463 515 expertus
1507 469 1573 506 est
1616 478 1746 515 quam

166 553 320 592 parum
377 544 459 583 sibi
510 544 723 583 severitas
772 543 991 592 profuerit,
1041 543 1184 581 subito
1232 543 1382 581 hilaris
1429 543 1490 593 fit,
1541 544 1743 593 clemens,

165 619 335 669 largus:
383 621 568 670 ignoscit
613 621 789 660 veniam
836 619 1095 669 petentibus,
1147 619 1350 668 quidquid
1398 621 1574 668 rogatur
1616 620 1747 659 donat

166 696 211 735 et
241 695 333 745 ipse
363 697 504 736 multa
534 698 647 736 ultro
675 697 804 747 addit,
833 696 1096 745 mirantique
1123 695 1259 746 fratri,
1289 696 1390 744 quid
1417 695 1499 734 sibi
1528 695 1613 734 ista
1641 696 1747 735 velit

164 771 410 822 benignitas
440 773 672 822 respondet
705 773 767 822 (V,
803 773 842 823 9,
880 773 935 811 28
963 774 1098 820 sqq.):

0 122 3 139 l

0 203 6 276 ἑ

0 359 12 433 l

0 469 6 495 2

0 505 16 578 ,ἕ

5 149 17 162 ¹«
23 148 31 160 ⁷¹

2 495 14 504 q.

9 566 14 574 f

6 585 11 595 'i

1340 848 1492 887 Dicam
1525 848 1626 887 tibi:

283 925 344 964 Ut
369 925 412 964 id
443 926 730 975 ostenderem,
760 926 872 974 quod
899 927 942 964 te
970 925 1043 964 isti
1070 909 1244 964 facilem
1271 925 1314 963 et
1340 924 1551 963 festivum
1576 926 1743 974 putant,

282 1001 331 1040 Id
361 1011 448 1040 non
477 1000 570 1040 fleri
603 1011 658 1040 ex
689 1011 793 1040 vera
823 1001 927 1051 vita,
962 1011 1100 1049 neque
1133 1000 1238 1039 adeo
1266 1011 1322 1039 ex
1349 1010 1485 1049 aequo
1513 1002 1557 1040 et
1582 1001 1705 1051 bono,

283 1077 366 1116 Sed
398 1088 454 1117 ex
485 1078 748 1117 assentando
781 1079 824 1117 et
854 1077 1114 1126 indulgendo
1147 1078 1190 1116 et
1222 1077 1455 1127 largiendo,
1490 1077 1628 1117 Micio.

143 1153 357 1192 ‘Annotat
404 1153 669 1193 Scholiasta:
721 1155 855 1203 „bene
902 1154 947 1192 in
989 1154 1209 1202 postremo
1252 1153 1440 1201 dignitas
1483 1154 1612 1193 huius
1654 1165 1744 1203 per-

162 1239 295 1268 sonae
340 1230 517 1269 servata
558 1230 637 1279 est,
681 1231 730 1269 ut
772 1241 858 1269 non
889 1230 1096 1279 perpetuo
1130 1231 1401 1269 commutata
1432 1231 1663 1281 videretur,
1696 1234 1745 1271 ut

98 1321 103 1326 1
162 1304 411 1344 Truculenti
452 1306 565 1354 apud
596 1306 844 1345 Plautum.”
879 1306 1030 1344 Nonne
1062 1305 1207 1354 inepte
1238 1306 1310 1345 hic
1341 1306 1569 1346 Terentius
1601 1307 1743 1347 lauda-

161 1382 292 1431 retur,
326 1382 365 1421 si
397 1392 423 1421 a
449 1382 681 1421 Menandro
714 1382 839 1421 illum
870 1383 1015 1421 locum
1048 1382 1342 1432 sumpsisset?

220 1457 353 1497 Hisce
384 1468 484 1508 ergo
517 1459 730 1507 exemplis
762 1459 911 1508 fretus,
946 1460 1022 1497 aut
1054 1458 1256 1498 omnibus
1288 1460 1364 1498 aut
1395 1460 1610 1508 plerisque
1637 1461 1743 1500 locis

161 1533 235 1572 ubi
281 1533 533 1574 Terentium
579 1535 729 1574 laudat
776 1535 1019 1574 Scholiasta
1066 1535 1208 1580 (modo
1251 1536 1398 1573 autem
1442 1536 1618 1575 nomine
1650 1538 1744 1576 eius

160 1609 310 1660 utitur,
358 1610 486 1650 modo
528 1612 753 1660 poetam
796 1611 1011 1660 appellat),
1054 1611 1276 1660 proprium
1309 1611 1525 1659 quoddam
1557 1613 1651 1652 eius
1683 1614 1741 1652 in-

161 1686 352 1725 ventum'
385 1686 553 1726 laudari
595 1688 754 1726 statuo.
804 1686 1076 1726 Enumerabo
1119 1697 1228 1735 quae
1260 1687 1344 1726 huc
1374 1688 1538 1727 faciant
1568 1690 1742 1729 tantum

159 1772 247 1802 non
277 1764 438 1803 omnia.

222 1837 262 1880 Ι.
304 1839 478 1878 Primus
519 1840 716 1879 omnium
749 1840 976 1879 Terentius
1013 1840 1148 1879 bonas
1180 1851 1330 1880 socrus
1363 1842 1407 1880 et
1437 1841 1573 1881 bonas
1604 1853 1739 1882 mere-

158 1914 290 1954 trices
346 1916 390 1955 in
441 1926 619 1955 scenam
676 1916 928 1956 introduxit.
979 1917 1168 1956 Terentii
1217 1927 1313 1956 esse
1360 1917 1465 1956 illud
1511 1919 1740 1959 inventum

158 1990 319 2030 diserte
350 1992 475 2031 docet
506 1992 701 2031 scholion
732 1993 785 2032 ad
817 1993 1035 2041 Hecyram
1068 1993 1117 2042 V,
1153 1994 1191 2043 2,
1227 1993 1277 2032 8:
1315 1994 1482 2043 „multa
1513 1994 1740 2035 Terentius

157 2067 342 2107 feliciter
383 2078 517 2108 ausus
553 2070 621 2108 est
652 2070 745 2108 arte
776 2069 927 2108 fretus.
962 2069 1075 2108 Nam
1107 2071 1150 2108 et
1182 2080 1331 2109 socrus
1363 2070 1499 2110 bonas
1531 2073 1575 2110 et
1605 2083 1740 2111 mere-

158 2143 290 2183 trices
336 2144 508 2183 honesti
555 2145 743 2195 cupidas,
792 2146 1097 2194 praeterquam
1144 2146 1450 2195 pervulgatum
1497 2149 1577 2197 est,
1621 2148 1737 2188 facit.

160 2219 243 2259 Sed
274 2220 399 2259 tanta
429 2220 656 2269 vigilantia
683 2231 915 2261 causarum
943 2223 986 2261 et
1013 2222 1233 2261 rationum
1261 2225 1486 2263 momenta
1503 2224 1738 2281 subiungit,

158 2297 208 2335 ut
253 2296 293 2335 ei
339 2296 421 2335 soli
467 2297 624 2336 merito
670 2298 899 2337 videantur
947 2299 1095 2338 omnia
1135 2299 1307 2339 licere.”
1351 2300 1511 2340 Eodem
1553 2301 1742 2350 pertinet

159 2372 356 2412 scholion
387 2373 440 2412 ad
471 2373 521 2423 V,
560 2374 597 2424 1,
635 2375 682 2413 1:

222 2448 389 2498 „Rarus
419 2448 537 2488 vitae
569 2449 684 2489 color
715 2450 760 2489 in
792 2451 873 2490 hac
904 2451 1121 2491 locutione
1153 2452 1364 2492 miscetur
1396 2463 1422 2492 a
1452 2454 1592 2502 poeta.
1627 2453 1740 2493 Nam

158 2524 369 2564 meretrix
399 2524 588 2573 loquitur
619 2528 663 2565 et
694 2536 842 2577 senex,
877 2529 921 2567 et
947 2528 1060 2576 quod
1087 2529 1155 2567 est
1181 2529 1436 2579 mirabilius,
1466 2529 1578 2569 bona
1603 2540 1738 2569 mere-

157 2600 247 2639 trix
288 2600 410 2639 mitis
445 2611 603 2640 senex:
637 2603 687 2641 ut
717 2603 936 2653 intelligas
968 2604 1189 2644 laborasse
1222 2605 1474 2644 Terentium
1506 2607 1555 2645 ut
1588 2617 1614 2645 a
1644 2606 1738 2655 lege

159 2676 425 2716 comicorum
451 2678 670 2718 recederet
697 2680 740 2719 et
767 2680 811 2719 in
828 2682 928 2720 actu
945 2682 1094 2720 tamen
1112 2682 1471 2721 consuetudinem
1488 2682 1737 2722 retineret.”

218 2751 288 2794 ΙΙ.
344 2753 629 2802 Lepidissime
683 2756 1019 2805 felicissimeque
1072 2757 1300 2797 Terentius
1346 2768 1483 2797 novas
1530 2769 1737 2808 personas

157 2829 384 2878 loquentes
435 2832 698 2880 agentesque
744 2831 920 2872 inducit.
970 2833 1170 2872 Pluribus
1215 2834 1322 2873 locis
1370 2834 1421 2873 de
1467 2834 1548 2873 hoc
1595 2835 1738 2884 agitur

159 2902 354 2954 artificio,
388 2915 496 2953 quos
529 2905 682 2946 afferre
714 2917 822 2956 opus
853 2917 940 2947 non
971 2909 1051 2948 est.
