<?xml version="1.0" encoding="UTF-8"?>
<!DOCTYPE html PUBLIC "-//W3C//DTD XHTML 1.0 Transitional//EN"
    "http://www.w3.org/TR/xhtml1/DTD/xhtml1-transitional.dtd">
<html xmlns="http://www.w3.org/1999/xhtml" xml:lang="en" lang="en">
 <head>
  <title>
</title>
<meta http-equiv="Content-Type" content="text/html;charset=utf-8" />
  <meta name='ocr-system' content='tesseract 3.04.00' />
  <meta name='ocr-capabilities' content='ocr_page ocr_carea ocr_par ocr_line ocrx_word'/>
</head>
<body>
  <div class='ocr_page' id='page_1' title='image "./deterentioetdona00hartuoft_0017.png"; bbox 0 0 2002 3464; ppageno 0'>
   <div class='ocr_carea' id='block_1_1' title="bbox 939 372 963 408">
    <p class='ocr_par' dir='ltr' id='par_1_1' title="bbox 939 372 963 408">
     <span class='ocr_line' id='line_1_1' title="bbox 939 372 963 408; baseline 0 -5"><span class='ocrx_word' id='word_1_1' title='bbox 939 372 963 408; x_wconf 77' lang='lat'>5</span> 
     </span>
    </p>
   </div>
   <div class='ocr_carea' id='block_1_2' title="bbox 125 496 1736 2990">
    <p class='ocr_par' dir='ltr' id='par_1_2' title="bbox 161 496 1735 933">
     <span class='ocr_line' id='line_1_2' title="bbox 163 496 1732 550; baseline -0.003 -10"><span class='ocrx_word' id='word_1_2' title='bbox 163 510 355 550; x_wconf 88' lang='lat' dir='ltr'>unquam</span> <span class='ocrx_word' id='word_1_3' title='bbox 382 509 479 538; x_wconf 89' lang='lat' dir='ltr'>eam</span> <span class='ocrx_word' id='word_1_4' title='bbox 490 498 539 537; x_wconf 89' lang='lat'>?&#39;’</span> <span class='ocrx_word' id='word_1_5' title='bbox 567 496 742 536; x_wconf 85' lang='lat' dir='ltr'>Meliora</span> <span class='ocrx_word' id='word_1_6' title='bbox 769 507 868 535; x_wconf 90' lang='lat' dir='ltr'>eum</span> <span class='ocrx_word' id='word_1_7' title='bbox 891 496 1060 535; x_wconf 88' lang='lat' dir='ltr'>docebit</span> <span class='ocrx_word' id='word_1_8' title='bbox 1077 497 1318 536; x_wconf 76' lang='lat' dir='ltr'>Scholiasta</span> <span class='ocrx_word' id='word_1_9' title='bbox 1335 497 1415 537; x_wconf 90' lang='lat' dir='ltr'>hac</span> <span class='ocrx_word' id='word_1_10' title='bbox 1433 497 1732 536; x_wconf 72' lang='lat' dir='ltr'>annotatione:</span> 
     </span>
     <span class='ocr_line' id='line_1_3' title="bbox 167 573 1734 628; baseline -0.003 -11"><span class='ocrx_word' id='word_1_11' title='bbox 167 578 276 628; x_wconf 84' lang='lat' dir='ltr'>„hoc</span> <span class='ocrx_word' id='word_1_12' title='bbox 304 576 475 616; x_wconf 83' lang='lat' dir='ltr'>videtur</span> <span class='ocrx_word' id='word_1_13' title='bbox 500 585 587 615; x_wconf 92' lang='lat' dir='ltr'>non</span> <span class='ocrx_word' id='word_1_14' title='bbox 614 584 710 613; x_wconf 88' lang='lat' dir='ltr'>esse</span> <span class='ocrx_word' id='word_1_15' title='bbox 738 573 1014 623; x_wconf 81' lang='lat' dir='ltr'>contrarium,</span> <span class='ocrx_word' id='word_1_16' title='bbox 1044 575 1119 612; x_wconf 82' lang='lat' dir='ltr'>sed</span> <span class='ocrx_word' id='word_1_17' title='bbox 1147 575 1225 612; x_wconf 89' lang='lat' dir='ltr'>est.</span> <span class='ocrx_word' id='word_1_18' title='bbox 1255 574 1366 613; x_wconf 89' lang='lat' dir='ltr'>Nam</span> <span class='ocrx_word' id='word_1_19' title='bbox 1393 574 1562 613; x_wconf 89' lang='lat' dir='ltr'>dubitat</span> <span class='ocrx_word' id='word_1_20' title='bbox 1586 575 1734 618; x_wconf 88' lang='lat' dir='ltr'>utrum</span> 
     </span>
     <span class='ocr_line' id='line_1_4' title="bbox 162 649 1735 705; baseline -0.003 -12"><span class='ocrx_word' id='word_1_21' title='bbox 162 651 405 705; x_wconf 71' lang='lat' dir='ltr'>meretricis¹</span> <span class='ocrx_word' id='word_1_22' title='bbox 461 649 805 690; x_wconf 77' lang='lat' dir='ltr'>satisfactionem</span> <span class='ocrx_word' id='word_1_23' title='bbox 863 650 1088 698; x_wconf 78' lang='lat' dir='ltr'>exspectet</span> <span class='ocrx_word' id='word_1_24' title='bbox 1144 660 1199 688; x_wconf 88' lang='lat' dir='ltr'>an</span> <span class='ocrx_word' id='word_1_25' title='bbox 1256 650 1375 688; x_wconf 88' lang='lat' dir='ltr'>illam</span> <span class='ocrx_word' id='word_1_26' title='bbox 1428 650 1602 689; x_wconf 89' lang='lat' dir='ltr'>omnino</span> <span class='ocrx_word' id='word_1_27' title='bbox 1650 661 1735 689; x_wconf 89' lang='lat' dir='ltr'>non</span> 
     </span>
     <span class='ocr_line' id='line_1_5' title="bbox 163 726 1735 779; baseline -0.001 -11"><span class='ocrx_word' id='word_1_28' title='bbox 163 729 384 779; x_wconf 76' lang='lat' dir='ltr'>quaerat.”</span> <span class='ocrx_word' id='word_1_29' title='bbox 402 726 574 768; x_wconf 84' lang='lat' dir='ltr'>Etenim</span> <span class='ocrx_word' id='word_1_30' title='bbox 592 726 777 775; x_wconf 84' lang='lat' dir='ltr'>illapars</span> <span class='ocrx_word' id='word_1_31' title='bbox 794 736 857 765; x_wconf 90' lang='lat' dir='ltr'>ne</span> <span class='ocrx_word' id='word_1_32' title='bbox 879 736 1023 765; x_wconf 91' lang='lat' dir='ltr'>nunc</span> <span class='ocrx_word' id='word_1_33' title='bbox 1046 726 1267 774; x_wconf 90' lang='lat' dir='ltr'>quidem</span> <span class='ocrx_word' id='word_1_34' title='bbox 1290 737 1449 775; x_wconf 90' lang='lat' dir='ltr'>quom</span> <span class='ocrx_word' id='word_1_35' title='bbox 1472 737 1735 766; x_wconf 89' lang='lat' dir='ltr'>arcessor</span> 
     </span>
     <span class='ocr_line' id='line_1_6' title="bbox 161 790 1733 853; baseline -0.004 -6"><span class='ocrx_word' id='word_1_36' title='bbox 161 805 314 847; x_wconf 79' lang='lat' dir='ltr'>ultro</span> <span class='ocrx_word' id='word_1_37' title='bbox 355 803 448 843; x_wconf 89' lang='lat' dir='ltr'>vim</span> <span class='ocrx_word' id='word_1_38' title='bbox 484 803 606 843; x_wconf 90' lang='lat' dir='ltr'>habit</span> <span class='ocrx_word' id='word_1_39' title='bbox 641 790 943 853; x_wconf 68' lang='lat' dir='ltr'>„positiv‘am&#39;’,</span> <span class='ocrx_word' id='word_1_40' title='bbox 980 812 1079 841; x_wconf 91' lang='lat' dir='ltr'>cum</span> <span class='ocrx_word' id='word_1_41' title='bbox 1111 802 1217 841; x_wconf 88' lang='lat' dir='ltr'>haec</span> <span class='ocrx_word' id='word_1_42' title='bbox 1249 802 1307 842; x_wconf 90' lang='lat' dir='ltr'>sit</span> <span class='ocrx_word' id='word_1_43' title='bbox 1337 802 1553 851; x_wconf 88' lang='lat' dir='ltr'>loquentis</span> <span class='ocrx_word' id='word_1_44' title='bbox 1584 813 1733 842; x_wconf 90' lang='lat' dir='ltr'>mens:</span> 
     </span>
     <span class='ocr_line' id='line_1_7' title="bbox 165 880 956 933; baseline -0.008 -9"><span class='ocrx_word' id='word_1_45' title='bbox 165 892 305 933; x_wconf 86' lang='lat' dir='ltr'>„nunc</span> <span class='ocrx_word' id='word_1_46' title='bbox 336 882 453 922; x_wconf 87' lang='lat' dir='ltr'>certe</span> <span class='ocrx_word' id='word_1_47' title='bbox 484 880 593 920; x_wconf 88' lang='lat' dir='ltr'>mihi</span> <span class='ocrx_word' id='word_1_48' title='bbox 626 880 814 919; x_wconf 90' lang='lat' dir='ltr'>eundum</span> <span class='ocrx_word' id='word_1_49' title='bbox 848 880 956 918; x_wconf 88' lang='lat' dir='ltr'>est”.</span> 
     </span>
    </p>

    <p class='ocr_par' dir='ltr' id='par_1_3' title="bbox 128 955 1736 1238">
     <span class='ocr_line' id='line_1_8' title="bbox 191 955 1736 1007; baseline -0.003 -8"><span class='ocrx_word' id='word_1_50' title='bbox 191 959 314 999; x_wconf 69' lang='lat' dir='ltr'>⁴Hoc</span> <span class='ocrx_word' id='word_1_51' title='bbox 355 968 522 1007; x_wconf 89' lang='lat' dir='ltr'>quoque</span> <span class='ocrx_word' id='word_1_52' title='bbox 564 956 734 1006; x_wconf 86' lang='lat' dir='ltr'>egregie</span> <span class='ocrx_word' id='word_1_53' title='bbox 778 955 1020 995; x_wconf 81' lang='lat' dir='ltr'>Scholiasta</span> <span class='ocrx_word' id='word_1_54' title='bbox 1061 956 1263 996; x_wconf 88' lang='lat' dir='ltr'>observat</span> <span class='ocrx_word' id='word_1_55' title='bbox 1305 956 1512 995; x_wconf 88' lang='lat' dir='ltr'>vocabulo</span> <span class='ocrx_word' id='word_1_56' title='bbox 1555 956 1736 1005; x_wconf 86' lang='lat' dir='ltr'>igitur</span> 
     </span>
     <span class='ocr_line' id='line_1_9' title="bbox 160 1033 1735 1087; baseline -0.003 -10"><span class='ocrx_word' id='word_1_57' title='bbox 160 1035 418 1087; x_wconf 86' lang='lat' dir='ltr'>significari:</span> <span class='ocrx_word' id='word_1_58' title='bbox 465 1034 631 1086; x_wconf 87' lang='lat' dir='ltr'>„multa</span> <span class='ocrx_word' id='word_1_59' title='bbox 666 1034 851 1073; x_wconf 87' lang='lat' dir='ltr'>tacitum</span> <span class='ocrx_word' id='word_1_60' title='bbox 884 1033 1098 1082; x_wconf 85' lang='lat' dir='ltr'>cogitasse</span> <span class='ocrx_word' id='word_1_61' title='bbox 1131 1034 1451 1073; x_wconf 88' lang='lat' dir='ltr'>adolescentem</span> <span class='ocrx_word' id='word_1_62' title='bbox 1483 1035 1527 1073; x_wconf 91' lang='lat' dir='ltr'>et</span> <span class='ocrx_word' id='word_1_63' title='bbox 1558 1034 1735 1074; x_wconf 86' lang='lat' dir='ltr'>tandem</span> 
     </span>
     <span class='ocr_line' id='line_1_10' title="bbox 128 1105 1735 1161; baseline -0.004 -7"><span class='ocrx_word' id='word_1_64' title='bbox 128 1155 131 1159; x_wconf 86' lang='grc'><em>,</em></span> <span class='ocrx_word' id='word_1_65' title='bbox 160 1113 209 1155; x_wconf 88' lang='lat' dir='ltr'>in</span> <span class='ocrx_word' id='word_1_66' title='bbox 245 1113 354 1152; x_wconf 88' lang='lat' dir='ltr'>haec</span> <span class='ocrx_word' id='word_1_67' title='bbox 393 1111 526 1152; x_wconf 88' lang='lat' dir='ltr'>verba</span> <span class='ocrx_word' id='word_1_68' title='bbox 566 1110 840 1161; x_wconf 89' lang='lat' dir='ltr'>prorupisse&#39;&#39;</span> <span class='ocrx_word' id='word_1_69' title='bbox 878 1111 927 1149; x_wconf 92' lang='lat' dir='ltr'>ut</span> <span class='ocrx_word' id='word_1_70' title='bbox 958 1109 1166 1149; x_wconf 85' lang='lat' dir='ltr'>vocabulo</span> <span class='ocrx_word' id='word_1_71' title='bbox 1198 1105 1277 1148; x_wconf 77' lang='grc' dir='ltr'><strong><em>εἶτα</em></strong></span> <span class='ocrx_word' id='word_1_72' title='bbox 1310 1110 1422 1159; x_wconf 89' lang='lat' dir='ltr'>apud</span> <span class='ocrx_word' id='word_1_73' title='bbox 1454 1110 1735 1149; x_wconf 87' lang='lat' dir='ltr'>Menandrum</span> 
     </span>
     <span class='ocr_line' id='line_1_11' title="bbox 161 1183 591 1238; baseline -0.007 -9"><span class='ocrx_word' id='word_1_74' title='bbox 161 1188 207 1229; x_wconf 85' lang='lat' dir='ltr'>in</span> <span class='ocrx_word' id='word_1_75' title='bbox 237 1183 318 1228; x_wconf 77' lang='grc' dir='ltr'><em>εἶτα</em></span> <span class='ocrx_word' id='word_1_76' title='bbox 348 1187 387 1227; x_wconf 84' lang='grc' dir='ltr'>τί</span> <span class='ocrx_word' id='word_1_77' title='bbox 414 1186 591 1238; x_wconf 83' lang='grc' dir='ltr'><em>ποιήσω;</em></span> 
     </span>
    </p>

    <p class='ocr_par' dir='ltr' id='par_1_4' title="bbox 169 1252 1466 1314">
     <span class='ocr_line' id='line_1_12' title="bbox 169 1252 1466 1314; baseline -0.002 -10"><span class='ocrx_word' id='word_1_78' title='bbox 169 1252 171 1254; x_wconf 6' lang='grc' dir='ltr'><strong><em>θ</em></strong></span> <span class='ocrx_word' id='word_1_79' title='bbox 219 1275 284 1306; x_wconf 84' lang='lat' dir='ltr'>vs.</span> <span class='ocrx_word' id='word_1_80' title='bbox 318 1265 373 1305; x_wconf 86' lang='lat'>47</span> <span class='ocrx_word' id='word_1_81' title='bbox 407 1275 500 1314; x_wconf 88' lang='lat' dir='ltr'>sqq.</span> <span class='ocrx_word' id='word_1_82' title='bbox 761 1274 816 1302; x_wconf 90' lang='lat' dir='ltr'>an</span> <span class='ocrx_word' id='word_1_83' title='bbox 846 1263 990 1312; x_wconf 90' lang='lat' dir='ltr'>potius</span> <span class='ocrx_word' id='word_1_84' title='bbox 1022 1252 1084 1302; x_wconf 83' lang='lat' dir='ltr'>ita</span> <span class='ocrx_word' id='word_1_85' title='bbox 1115 1273 1186 1302; x_wconf 91' lang='lat' dir='ltr'>me</span> <span class='ocrx_word' id='word_1_86' title='bbox 1219 1273 1466 1313; x_wconf 89' lang='lat' dir='ltr'>comparem</span> 
     </span>
    </p>

    <p class='ocr_par' dir='ltr' id='par_1_5' title="bbox 338 1339 1283 1391">
     <span class='ocr_line' id='line_1_13' title="bbox 338 1339 1283 1391; baseline -0.003 -10"><span class='ocrx_word' id='word_1_87' title='bbox 338 1341 434 1381; x_wconf 89' lang='lat' dir='ltr'>Non</span> <span class='ocrx_word' id='word_1_88' title='bbox 463 1341 629 1391; x_wconf 85' lang='lat' dir='ltr'>perpeti</span> <span class='ocrx_word' id='word_1_89' title='bbox 661 1339 942 1379; x_wconf 87' lang='lat' dir='ltr'>meretricum</span> <span class='ocrx_word' id='word_1_90' title='bbox 975 1340 1283 1379; x_wconf 85' lang='lat' dir='ltr'>contumelias:</span> 
     </span>
    </p>

    <p class='ocr_par' dir='ltr' id='par_1_6' title="bbox 155 1407 1736 1700">
     <span class='ocr_line' id='line_1_14' title="bbox 337 1407 1576 1467; baseline -0.001 -10"><span class='ocrx_word' id='word_1_91' title='bbox 337 1417 546 1467; x_wconf 86' lang='lat' dir='ltr'>Exclusit,</span> <span class='ocrx_word' id='word_1_92' title='bbox 581 1418 768 1466; x_wconf 88' lang='lat' dir='ltr'>revocat,</span> <span class='ocrx_word' id='word_1_93' title='bbox 804 1407 1011 1455; x_wconf 85' lang='lat' dir='ltr'>redeam?</span> <span class='ocrx_word' id='word_1_94' title='bbox 1043 1427 1140 1466; x_wconf 89' lang='lat' dir='ltr'>non,</span> <span class='ocrx_word' id='word_1_95' title='bbox 1176 1416 1213 1455; x_wconf 90' lang='lat' dir='ltr'>si</span> <span class='ocrx_word' id='word_1_96' title='bbox 1244 1427 1316 1456; x_wconf 91' lang='lat' dir='ltr'>me</span> <span class='ocrx_word' id='word_1_97' title='bbox 1348 1417 1576 1456; x_wconf 83' lang='lat' dir='ltr'>obsecret?</span> 
     </span>
     <span class='ocr_line' id='line_1_15' title="bbox 159 1492 1734 1542; baseline -0.001 -8"><span class='ocrx_word' id='word_1_98' title='bbox 159 1493 428 1535; x_wconf 85' lang='lat' dir='ltr'>Vocabulum</span> <span class='ocrx_word' id='word_1_99' title='bbox 459 1493 540 1533; x_wconf 89' lang='lat' dir='ltr'>ita</span> <span class='ocrx_word' id='word_1_100' title='bbox 570 1493 695 1533; x_wconf 87' lang='lat' dir='ltr'>unice</span> <span class='ocrx_word' id='word_1_101' title='bbox 729 1503 827 1532; x_wconf 90' lang='lat' dir='ltr'>cum</span> <span class='ocrx_word' id='word_1_102' title='bbox 860 1492 914 1531; x_wconf 88' lang='lat' dir='ltr'>iis</span> <span class='ocrx_word' id='word_1_103' title='bbox 946 1503 1055 1541; x_wconf 89' lang='lat' dir='ltr'>quae</span> <span class='ocrx_word' id='word_1_104' title='bbox 1087 1503 1218 1532; x_wconf 88' lang='lat' dir='ltr'>versu</span> <span class='ocrx_word' id='word_1_105' title='bbox 1249 1493 1305 1532; x_wconf 84' lang='lat'>49</span> <span class='ocrx_word' id='word_1_106' title='bbox 1332 1493 1535 1542; x_wconf 86' lang='lat' dir='ltr'>leguntur</span> <span class='ocrx_word' id='word_1_107' title='bbox 1561 1493 1734 1542; x_wconf 85' lang='lat' dir='ltr'>iungen-</span> 
     </span>
     <span class='ocr_line' id='line_1_16' title="bbox 155 1559 1736 1622; baseline -0.001 -10"><span class='ocrx_word' id='word_1_108' title='bbox 155 1559 264 1612; x_wconf 75' lang='lat' dir='ltr'>dum</span> <span class='ocrx_word' id='word_1_109' title='bbox 305 1572 385 1622; x_wconf 88' lang='lat' dir='ltr'>est,</span> <span class='ocrx_word' id='word_1_110' title='bbox 427 1572 478 1611; x_wconf 90' lang='lat' dir='ltr'>ut</span> <span class='ocrx_word' id='word_1_111' title='bbox 517 1570 729 1611; x_wconf 88' lang='lat' dir='ltr'>Phaedria</span> <span class='ocrx_word' id='word_1_112' title='bbox 769 1570 906 1609; x_wconf 89' lang='lat' dir='ltr'>dicat:</span> <span class='ocrx_word' id='word_1_113' title='bbox 953 1570 1035 1620; x_wconf 50' lang='lat' dir='ltr'>,gan</span> <span class='ocrx_word' id='word_1_114' title='bbox 1076 1570 1220 1619; x_wconf 90' lang='lat' dir='ltr'>potius</span> <span class='ocrx_word' id='word_1_115' title='bbox 1261 1580 1332 1609; x_wconf 90' lang='lat' dir='ltr'>me</span> <span class='ocrx_word' id='word_1_116' title='bbox 1371 1581 1619 1619; x_wconf 90' lang='lat' dir='ltr'>comparem</span> <span class='ocrx_word' id='word_1_117' title='bbox 1650 1581 1736 1610; x_wconf 92' lang='lat' dir='ltr'>non</span> 
     </span>
     <span class='ocr_line' id='line_1_17' title="bbox 161 1647 1733 1700; baseline -0.001 -11"><span class='ocrx_word' id='word_1_118' title='bbox 161 1649 326 1700; x_wconf 85' lang='lat' dir='ltr'>perpeti</span> <span class='ocrx_word' id='word_1_119' title='bbox 367 1647 649 1688; x_wconf 88' lang='lat' dir='ltr'>meretricum</span> <span class='ocrx_word' id='word_1_120' title='bbox 692 1647 979 1686; x_wconf 89' lang='lat' dir='ltr'>contumelias</span> <span class='ocrx_word' id='word_1_121' title='bbox 1021 1647 1102 1686; x_wconf 89' lang='lat' dir='ltr'>ita</span> <span class='ocrx_word' id='word_1_122' title='bbox 1138 1647 1440 1695; x_wconf 89' lang='lat' dir='ltr'>loquendo:</span> <span class='ocrx_word' id='word_1_123' title='bbox 1475 1648 1733 1687; x_wconf 77' lang='lat' dir='ltr'>exclusit...</span> 
     </span>
    </p>

    <p class='ocr_par' dir='ltr' id='par_1_7' title="bbox 125 1724 1736 2004">
     <span class='ocr_line' id='line_1_18' title="bbox 161 1724 1736 1774; baseline -0.001 -9"><span class='ocrx_word' id='word_1_124' title='bbox 161 1725 414 1766; x_wconf 80' lang='lat' dir='ltr'>obsecret?”</span> <span class='ocrx_word' id='word_1_125' title='bbox 447 1725 559 1764; x_wconf 87' lang='lat' dir='ltr'>Nam</span> <span class='ocrx_word' id='word_1_126' title='bbox 591 1724 629 1763; x_wconf 92' lang='lat' dir='ltr'>si</span> <span class='ocrx_word' id='word_1_127' title='bbox 661 1724 892 1773; x_wconf 83' lang='lat' dir='ltr'>iungamus</span> <span class='ocrx_word' id='word_1_128' title='bbox 925 1724 1006 1763; x_wconf 89' lang='lat' dir='ltr'>ita</span> <span class='ocrx_word' id='word_1_129' title='bbox 1038 1735 1119 1763; x_wconf 90' lang='lat' dir='ltr'>me</span> <span class='ocrx_word' id='word_1_130' title='bbox 1152 1734 1491 1774; x_wconf 87' lang='lat' dir='ltr'>comparem,</span> <span class='ocrx_word' id='word_1_131' title='bbox 1526 1725 1603 1764; x_wconf 81' lang='lat' dir='ltr'>vix</span> <span class='ocrx_word' id='word_1_132' title='bbox 1634 1725 1736 1764; x_wconf 85' lang='lat' dir='ltr'>ferri</span> 
     </span>
     <span class='ocr_line' id='line_1_19' title="bbox 125 1779 1165 1852; baseline -0.002 -11"><span class='ocrx_word' id='word_1_133' title='bbox 125 1779 298 1852; x_wconf 47' lang='lat' dir='ltr'>‘possit</span> <span class='ocrx_word' id='word_1_134' title='bbox 328 1799 570 1840; x_wconf 86' lang='lat' dir='ltr'>infinitivus</span> <span class='ocrx_word' id='word_1_135' title='bbox 600 1801 836 1850; x_wconf 90' lang='lat' dir='ltr'>perpeti.</span> <span class='ocrx_word' id='word_1_136' title='bbox 871 1800 922 1839; x_wconf 81' lang='lat' dir='ltr'>cf.</span> <span class='ocrx_word' id='word_1_137' title='bbox 957 1810 1020 1839; x_wconf 90' lang='lat' dir='ltr'>vs.</span> <span class='ocrx_word' id='word_1_138' title='bbox 1057 1794 1165 1839; x_wconf 76' lang='lat'>240:</span> 
     </span>
     <span class='ocr_line' id='line_1_20' title="bbox 280 1875 1611 1927; baseline -0.001 -11"><span class='ocrx_word' id='word_1_139' title='bbox 280 1877 374 1917; x_wconf 88' lang='lat' dir='ltr'>itan</span> <span class='ocrx_word' id='word_1_140' title='bbox 403 1876 568 1927; x_wconf 88' lang='lat' dir='ltr'>parasti</span> <span class='ocrx_word' id='word_1_141' title='bbox 598 1877 644 1915; x_wconf 89' lang='lat' dir='ltr'>te</span> <span class='ocrx_word' id='word_1_142' title='bbox 675 1877 734 1915; x_wconf 91' lang='lat' dir='ltr'>ut</span> <span class='ocrx_word' id='word_1_143' title='bbox 765 1886 865 1925; x_wconf 91' lang='lat' dir='ltr'>spes</span> <span class='ocrx_word' id='word_1_144' title='bbox 897 1875 1016 1915; x_wconf 89' lang='lat' dir='ltr'>nulla</span> <span class='ocrx_word' id='word_1_145' title='bbox 1047 1876 1208 1915; x_wconf 87' lang='lat' dir='ltr'>relicua</span> <span class='ocrx_word' id='word_1_146' title='bbox 1240 1877 1283 1915; x_wconf 92' lang='lat' dir='ltr'>in</span> <span class='ocrx_word' id='word_1_147' title='bbox 1315 1878 1359 1916; x_wconf 90' lang='lat' dir='ltr'>te</span> <span class='ocrx_word' id='word_1_148' title='bbox 1391 1877 1470 1916; x_wconf 90' lang='lat' dir='ltr'>sit</span> <span class='ocrx_word' id='word_1_149' title='bbox 1501 1877 1611 1915; x_wconf 84' lang='lat' dir='ltr'>tibi?</span> 
     </span>
     <span class='ocr_line' id='line_1_21' title="bbox 219 1953 1034 2004; baseline -0.002 -10"><span class='ocrx_word' id='word_1_150' title='bbox 219 1954 388 2004; x_wconf 86' lang='lat' dir='ltr'>vs..50,</span> <span class='ocrx_word' id='word_1_151' title='bbox 423 1964 506 2003; x_wconf 88' lang='lat' dir='ltr'>quo</span> <span class='ocrx_word' id='word_1_152' title='bbox 537 1953 750 1993; x_wconf 88' lang='lat' dir='ltr'>Parmeno</span> <span class='ocrx_word' id='word_1_153' title='bbox 782 1953 1034 2002; x_wconf 88' lang='lat' dir='ltr'>respondet:</span> 
     </span>
    </p>

    <p class='ocr_par' dir='ltr' id='par_1_8' title="bbox 339 2029 1549 2080">
     <span class='ocr_line' id='line_1_22' title="bbox 339 2029 1549 2080; baseline 0 -10"><span class='ocrx_word' id='word_1_154' title='bbox 339 2030 384 2070; x_wconf 82' lang='lat' dir='ltr'>Si</span> <span class='ocrx_word' id='word_1_155' title='bbox 415 2030 589 2080; x_wconf 88' lang='lat' dir='ltr'>quidem</span> <span class='ocrx_word' id='word_1_156' title='bbox 621 2029 764 2070; x_wconf 88' lang='lat' dir='ltr'>hercle</span> <span class='ocrx_word' id='word_1_157' title='bbox 796 2031 948 2079; x_wconf 89' lang='lat' dir='ltr'>possis,</span> <span class='ocrx_word' id='word_1_158' title='bbox 983 2030 1043 2069; x_wconf 89' lang='lat' dir='ltr'>nil</span> <span class='ocrx_word' id='word_1_159' title='bbox 1076 2030 1194 2080; x_wconf 90' lang='lat' dir='ltr'>prius</span> <span class='ocrx_word' id='word_1_160' title='bbox 1226 2041 1363 2079; x_wconf 86' lang='lat' dir='ltr'>neque</span> <span class='ocrx_word' id='word_1_161' title='bbox 1395 2029 1549 2070; x_wconf 84' lang='lat' dir='ltr'>fortius</span> 
     </span>
    </p>

    <p class='ocr_par' dir='ltr' id='par_1_9' title="bbox 158 2107 1735 2990">
     <span class='ocr_line' id='line_1_23' title="bbox 159 2107 925 2148; baseline -0.003 0"><span class='ocrx_word' id='word_1_162' title='bbox 159 2107 224 2148; x_wconf 82' lang='lat' dir='ltr'>sic</span> <span class='ocrx_word' id='word_1_163' title='bbox 253 2107 344 2148; x_wconf 85' lang='lat' dir='ltr'>fere</span> <span class='ocrx_word' id='word_1_164' title='bbox 376 2107 536 2148; x_wconf 79' lang='lat' dir='ltr'>Graece</span> <span class='ocrx_word' id='word_1_165' title='bbox 570 2108 638 2147; x_wconf 90' lang='lat' dir='ltr'>est</span> <span class='ocrx_word' id='word_1_166' title='bbox 668 2107 925 2147; x_wconf 86' lang='lat' dir='ltr'>vertendus:</span> 
     </span>
     <span class='ocr_line' id='line_1_24' title="bbox 432 2171 1375 2239; baseline -0.001 -16"><span class='ocrx_word' id='word_1_167' title='bbox 432 2171 435 2175; x_wconf 33' lang='lat'><em>⁷</em></span> <span class='ocrx_word' id='word_1_168' title='bbox 513 2182 582 2223; x_wconf 78' lang='grc' dir='ltr'>ἐὰν</span> <span class='ocrx_word' id='word_1_169' title='bbox 615 2183 717 2239; x_wconf 79' lang='grc' dir='ltr'><em>δύνῃ</em></span> <span class='ocrx_word' id='word_1_170' title='bbox 748 2194 803 2236; x_wconf 76' lang='grc' dir='ltr'>γε·</span> <span class='ocrx_word' id='word_1_171' title='bbox 837 2189 952 2222; x_wconf 81' lang='grc' dir='ltr'><strong>τοῦτο</strong></span> <span class='ocrx_word' id='word_1_172' title='bbox 984 2182 1058 2237; x_wconf 82' lang='grc' dir='ltr'>γὰρ</span> <span class='ocrx_word' id='word_1_173' title='bbox 1090 2179 1254 2222; x_wconf 80' lang='grc' dir='ltr'><em>κάλλιστ’</em></span> <span class='ocrx_word' id='word_1_174' title='bbox 1290 2182 1375 2236; x_wconf 73' lang='grc' dir='ltr'><em>ἔχει.</em></span> 
     </span>
     <span class='ocr_line' id='line_1_25' title="bbox 159 2261 1734 2310; baseline -0.001 -8"><span class='ocrx_word' id='word_1_175' title='bbox 159 2261 254 2302; x_wconf 88' lang='lat' dir='ltr'>Non</span> <span class='ocrx_word' id='word_1_176' title='bbox 295 2261 412 2301; x_wconf 87' lang='lat' dir='ltr'>enim</span> <span class='ocrx_word' id='word_1_177' title='bbox 453 2262 502 2301; x_wconf 87' lang='lat' dir='ltr'>si</span> <span class='ocrx_word' id='word_1_178' title='bbox 544 2261 766 2310; x_wconf 89' lang='lat' dir='ltr'>quidem</span> <span class='ocrx_word' id='word_1_179' title='bbox 807 2261 999 2300; x_wconf 89' lang='lat' dir='ltr'>hercle</span> <span class='ocrx_word' id='word_1_180' title='bbox 1042 2261 1232 2310; x_wconf 89' lang='lat' dir='ltr'>possis</span> <span class='ocrx_word' id='word_1_181' title='bbox 1270 2261 1512 2300; x_wconf 83' lang='lat' dir='ltr'>sententiae</span> <span class='ocrx_word' id='word_1_182' title='bbox 1546 2262 1613 2300; x_wconf 92' lang='lat' dir='ltr'>est</span> <span class='ocrx_word' id='word_1_183' title='bbox 1644 2272 1734 2310; x_wconf 87' lang='lat' dir='ltr'>pro-</span> 
     </span>
     <span class='ocr_line' id='line_1_26' title="bbox 158 2338 1735 2389; baseline 0 -10"><span class='ocrx_word' id='word_1_184' title='bbox 158 2338 280 2389; x_wconf 79' lang='lat' dir='ltr'>tasis,</span> <span class='ocrx_word' id='word_1_185' title='bbox 325 2340 370 2378; x_wconf 88' lang='lat' dir='ltr'>et</span> <span class='ocrx_word' id='word_1_186' title='bbox 409 2338 489 2378; x_wconf 90' lang='lat' dir='ltr'>nil</span> <span class='ocrx_word' id='word_1_187' title='bbox 524 2339 683 2388; x_wconf 91' lang='lat' dir='ltr'>prius</span> <span class='ocrx_word' id='word_1_188' title='bbox 715 2349 894 2387; x_wconf 89' lang='lat' dir='ltr'>neque</span> <span class='ocrx_word' id='word_1_189' title='bbox 925 2338 1139 2378; x_wconf 86' lang='lat' dir='ltr'>fortius</span> <span class='ocrx_word' id='word_1_190' title='bbox 1172 2338 1384 2388; x_wconf 88' lang='lat' dir='ltr'>apodosis.</span> <span class='ocrx_word' id='word_1_191' title='bbox 1419 2339 1735 2388; x_wconf 88' lang='lat' dir='ltr'>Respondentis</span> 
     </span>
     <span class='ocr_line' id='line_1_27' title="bbox 161 2414 1130 2467; baseline -0.001 -12"><span class='ocrx_word' id='word_1_192' title='bbox 161 2416 229 2455; x_wconf 86' lang='lat' dir='ltr'>est</span> <span class='ocrx_word' id='word_1_193' title='bbox 259 2415 464 2455; x_wconf 87' lang='lat' dir='ltr'>Latinum</span> <span class='ocrx_word' id='word_1_194' title='bbox 496 2415 719 2464; x_wconf 91' lang='lat' dir='ltr'>quidem</span> <span class='ocrx_word' id='word_1_195' title='bbox 751 2416 800 2454; x_wconf 92' lang='lat' dir='ltr'>ut</span> <span class='ocrx_word' id='word_1_196' title='bbox 832 2414 1045 2455; x_wconf 79' lang='lat' dir='ltr'>Graecum</span> <span class='ocrx_word' id='word_1_197' title='bbox 1076 2429 1130 2467; x_wconf 77' lang='grc' dir='ltr'>γε.</span> 
     </span>
     <span class='ocr_line' id='line_1_28' title="bbox 220 2491 1459 2542; baseline -0.002 -11"><span class='ocrx_word' id='word_1_198' title='bbox 220 2491 276 2532; x_wconf 85' lang='grc'>56</span> <span class='ocrx_word' id='word_1_199' title='bbox 307 2502 399 2541; x_wconf 87' lang='lat' dir='ltr'>sqq.</span> <span class='ocrx_word' id='word_1_200' title='bbox 1458 2538 1459 2542; x_wconf 10' lang='grc' dir='ltr'><strong>Ἰ</strong></span> 
     </span>
     <span class='ocr_line' id='line_1_29' title="bbox 279 2567 1642 2619; baseline -0.001 -11"><span class='ocrx_word' id='word_1_201' title='bbox 279 2567 409 2608; x_wconf 92' lang='lat' dir='ltr'>Proin</span> <span class='ocrx_word' id='word_1_202' title='bbox 439 2570 500 2619; x_wconf 89' lang='lat' dir='ltr'>tu,</span> <span class='ocrx_word' id='word_1_203' title='bbox 535 2569 639 2608; x_wconf 88' lang='lat' dir='ltr'>dum</span> <span class='ocrx_word' id='word_1_204' title='bbox 672 2570 740 2608; x_wconf 90' lang='lat' dir='ltr'>est</span> <span class='ocrx_word' id='word_1_205' title='bbox 771 2570 957 2618; x_wconf 88' lang='lat' dir='ltr'>tempus,</span> <span class='ocrx_word' id='word_1_206' title='bbox 993 2567 1126 2607; x_wconf 87' lang='lat' dir='ltr'>etiam</span> <span class='ocrx_word' id='word_1_207' title='bbox 1159 2569 1288 2616; x_wconf 89' lang='lat' dir='ltr'>atque</span> <span class='ocrx_word' id='word_1_208' title='bbox 1322 2567 1457 2606; x_wconf 86' lang='lat' dir='ltr'>etiam</span> <span class='ocrx_word' id='word_1_209' title='bbox 1490 2568 1642 2618; x_wconf 84' lang='lat' dir='ltr'>cogita,</span> 
     </span>
     <span class='ocr_line' id='line_1_30' title="bbox 280 2627 1586 2695; baseline -0.002 -11"><span class='ocrx_word' id='word_1_210' title='bbox 280 2627 373 2695; x_wconf 84' lang='lat' dir='ltr'>Ere,</span> <span class='ocrx_word' id='word_1_211' title='bbox 408 2655 516 2694; x_wconf 87' lang='lat' dir='ltr'>quae</span> <span class='ocrx_word' id='word_1_212' title='bbox 548 2655 617 2685; x_wconf 86' lang='lat' dir='ltr'>res</span> <span class='ocrx_word' id='word_1_213' title='bbox 650 2645 694 2684; x_wconf 93' lang='lat' dir='ltr'>in</span> <span class='ocrx_word' id='word_1_214' title='bbox 726 2655 773 2684; x_wconf 90' lang='lat' dir='ltr'>se</span> <span class='ocrx_word' id='word_1_215' title='bbox 806 2654 943 2693; x_wconf 91' lang='lat' dir='ltr'>neque</span> <span class='ocrx_word' id='word_1_216' title='bbox 977 2644 1205 2684; x_wconf 88' lang='lat' dir='ltr'>consilium</span> <span class='ocrx_word' id='word_1_217' title='bbox 1238 2654 1376 2692; x_wconf 85' lang='lat' dir='ltr'>neque</span> <span class='ocrx_word' id='word_1_218' title='bbox 1407 2645 1586 2683; x_wconf 90' lang='lat' dir='ltr'>modum</span> 
     </span>
     <span class='ocr_line' id='line_1_31' title="bbox 280 2721 1414 2772; baseline -0.001 -12"><span class='ocrx_word' id='word_1_219' title='bbox 280 2721 423 2761; x_wconf 89' lang='lat' dir='ltr'>Habet</span> <span class='ocrx_word' id='word_1_220' title='bbox 457 2722 608 2772; x_wconf 86' lang='lat' dir='ltr'>ullum,</span> <span class='ocrx_word' id='word_1_221' title='bbox 644 2733 741 2762; x_wconf 89' lang='lat' dir='ltr'>eam</span> <span class='ocrx_word' id='word_1_222' title='bbox 774 2722 951 2762; x_wconf 88' lang='lat' dir='ltr'>consilio</span> <span class='ocrx_word' id='word_1_223' title='bbox 983 2731 1130 2770; x_wconf 85' lang='lat' dir='ltr'>regere</span> <span class='ocrx_word' id='word_1_224' title='bbox 1162 2731 1248 2760; x_wconf 93' lang='lat' dir='ltr'>non</span> <span class='ocrx_word' id='word_1_225' title='bbox 1278 2722 1414 2770; x_wconf 74' lang='lat' dir='ltr'>potes.</span> 
     </span>
     <span class='ocr_line' id='line_1_32' title="bbox 219 2796 1733 2847; baseline -0.001 -11"><span class='ocrx_word' id='word_1_226' title='bbox 219 2797 399 2847; x_wconf 86' lang='lat' dir='ltr'>Egregie</span> <span class='ocrx_word' id='word_1_227' title='bbox 439 2808 504 2837; x_wconf 79' lang='lat' dir='ltr'>vs,</span> <span class='ocrx_word' id='word_1_228' title='bbox 549 2799 602 2838; x_wconf 82' lang='lat'>57</span> <span class='ocrx_word' id='word_1_229' title='bbox 648 2798 692 2838; x_wconf 93' lang='lat' dir='ltr'>in</span> <span class='ocrx_word' id='word_1_230' title='bbox 734 2798 878 2837; x_wconf 90' lang='lat' dir='ltr'>media</span> <span class='ocrx_word' id='word_1_231' title='bbox 921 2797 1178 2837; x_wconf 89' lang='lat' dir='ltr'>allocutione</span> <span class='ocrx_word' id='word_1_232' title='bbox 1220 2797 1446 2836; x_wconf 89' lang='lat' dir='ltr'>vocativus</span> <span class='ocrx_word' id='word_1_233' title='bbox 1484 2806 1574 2835; x_wconf 90' lang='lat' dir='ltr'>ere</span> <span class='ocrx_word' id='word_1_234' title='bbox 1607 2796 1733 2835; x_wconf 89' lang='lat' dir='ltr'>inter-</span> 
     </span>
     <span class='ocr_line' id='line_1_33' title="bbox 161 2872 1735 2924; baseline -0.002 -10"><span class='ocrx_word' id='word_1_235' title='bbox 161 2874 357 2924; x_wconf 88' lang='lat' dir='ltr'>ponitur:</span> <span class='ocrx_word' id='word_1_236' title='bbox 385 2874 447 2913; x_wconf 87' lang='lat' dir='ltr'>sic</span> <span class='ocrx_word' id='word_1_237' title='bbox 474 2874 591 2914; x_wconf 90' lang='lat' dir='ltr'>enim</span> <span class='ocrx_word' id='word_1_238' title='bbox 617 2874 850 2924; x_wconf 89' lang='lat' dir='ltr'>loquuntur</span> <span class='ocrx_word' id='word_1_239' title='bbox 877 2874 949 2922; x_wconf 88' lang='lat' dir='ltr'>qui</span> <span class='ocrx_word' id='word_1_240' title='bbox 975 2884 1068 2913; x_wconf 88' lang='lat' dir='ltr'>rem</span> <span class='ocrx_word' id='word_1_241' title='bbox 1095 2883 1286 2922; x_wconf 88' lang='lat' dir='ltr'>gravem,</span> <span class='ocrx_word' id='word_1_242' title='bbox 1316 2873 1544 2922; x_wconf 86' lang='lat' dir='ltr'>sapiensve</span> <span class='ocrx_word' id='word_1_243' title='bbox 1571 2872 1735 2912; x_wconf 91' lang='lat' dir='ltr'>dictum</span> 
     </span>
     <span class='ocr_line' id='line_1_34' title="bbox 163 2949 482 2990; baseline 0.003 -1"><span class='ocrx_word' id='word_1_244' title='bbox 163 2950 266 2989; x_wconf 86' lang='lat' dir='ltr'>sunt</span> <span class='ocrx_word' id='word_1_245' title='bbox 297 2949 482 2990; x_wconf 87' lang='lat' dir='ltr'>allaturi.</span> 
     </span>
    </p>
   </div>
  </div>
 </body>
</html>
