2002 3464
910 388 991 427 142

238 515 303 553 15.
351 514 567 552 Laudatur
612 515 738 562 poeta
780 514 888 561 quod
925 514 1161 563 Pamphilo,
1195 514 1297 553 dum
1329 514 1464 563 patris
1495 512 1730 562 decipiendi

176 599 305 628 causa
336 589 561 628 simularet
591 599 649 639 66,
669 599 850 627 uxorem
883 589 1034 628 ducere
1067 590 1124 635 (et
1156 589 1341 629 amicam
1367 589 1550 628 missam
1576 588 1729 634 facere)

174 665 297 715 velle,
330 666 478 704 tamen
509 664 680 703 tristem
713 664 875 703 dederit
908 665 1088 703 vultum.
1121 665 1255 714 „Nam
1282 666 1325 704 et
1351 665 1531 704 honesto
1558 663 1731 702 iuveni'’

177 740 416 779 Scholiasta
443 740 503 778 ait
533 750 643 788 „non
669 740 928 788 congruebat
952 740 1191 789 versipellis
1216 740 1375 789 vultus,
1405 741 1448 778 et
1474 740 1518 778 in
1539 739 1732 778 amatore

177 816 409 854 absurdum
451 815 590 854 fuerat
631 815 865 863 ingenuum
902 815 1039 854 celare
1070 815 1337 855 tristitiam.''
1370 815 1478 854 Male
1510 814 1627 864 haec,
1660 823 1732 852 me

177 891 326 940 iudice,
370 890 582 940 emendat,
617 890 689 938 qui
719 890 845 938 legit:
883 892 953 939 „et
984 891 1028 929 in
1060 892 1251 930 amatore
1283 892 1467 940 ingenuo
1499 889 1732 929 absurdum

176 967 316 1006 fuerat
363 967 499 1005 celare
540 966 808 1005 tristitiam.’'
851 965 966 1005 Duas
1008 967 1123 1005 enim
1165 967 1215 1005 ob
1258 976 1410 1006 causas
1442 965 1733 1014 Antiphonem

177 1053 262 1081 non
308 1043 484 1081 decebat
529 1042 654 1090 plena
700 1043 827 1090 atque
870 1042 1059 1091 perfecta
1104 1042 1345 1081 simulatio:
1393 1042 1581 1090 primum
1624 1039 1734 1088 quod

178 1117 452 1155 honestus
485 1119 531 1162 (6.
566 1117 857 1165 ingenuus)
895 1118 962 1156 est
993 1117 1252 1167 adolescens,
1287 1117 1436 1155 deinde
1468 1117 1568 1165 quia
1599 1125 1680 1154 am
1693 1124 1732 1153 a-

178 1193 276 1231 tor.
320 1192 413 1230 Iam
456 1193 618 1231 dictum
661 1193 749 1231 est:
787 1193 992 1242 „honesto
1024 1188 1174 1231 iuveni
1199 1202 1284 1231 non
1316 1191 1574 1240 congruebat
1603 1189 1734 1230 versi-

178 1267 301 1315 pellis
347 1268 546 1316 vultus'’;
595 1267 866 1307 substantivo
909 1269 1055 1307 autem
1087 1269 1337 1307 amatore
1369 1278 1454 1306 non
1486 1268 1552 1305 est
1584 1266 1734 1305 adden-

179 1344 282 1382 dum
329 1344 589 1383 adiectivum
636 1344 759 1392 quale
802 1345 868 1383 est
909 1345 1150 1393 ingenuo
1192 1344 1261 1383 vel
1302 1344 1554 1382 honesto.
1597 1342 1734 1390 Lego:

183 1420 253 1467 „et
293 1419 336 1457 in
369 1421 561 1458 amatore
594 1419 825 1458 absurdum
857 1420 997 1458 fuerat
1033 1420 1265 1468 ingenium,
1300 1419 1437 1458 celare
1458 1416 1735 1457 -tristitiam.”

181 1493 240 1533 Of.
289 1495 399 1542 quod
444 1504 549 1532 mox
594 1495 807 1542 sequitur:
859 1495 1105 1544 „ingenium
1152 1496 1194 1533 et
1236 1495 1395 1533 amoris
1426 1494 1663 1533 necessitas
1693 1493 1737 1531 in

179 1570 406 1608 tristitiam
446 1571 733 1609 retrahebat.”
775 1570 948 1609 Dictum
990 1572 1136 1609 autern
1178 1570 1314 1609 istud:
1361 1571 1430 1619 „et
1470 1570 1514 1608 in
1545 1570 1738 1608 amatore

182 1646 414 1684 absurdum
462 1646 602 1684 fuerat
647 1646 866 1694 ingenium
914 1646 1051 1685 celare
1096 1646 1349 1684 tristitiam”
1399 1646 1479 1684 erit
1525 1645 1604 1684 hoc
1649 1643 1738 1683 fere

181 1731 333 1760 sensu:
371 1721 629 1770 „absurdum
662 1723 728 1759 est
760 1723 803 1760 et
829 1722 1008 1760 naturae
1036 1721 1298 1760 contrarium
1325 1721 1564 1759 amatorem
1580 1718 1740 1768 fingere

182 1797 253 1844 qui
283 1796 407 1835 facile
439 1797 663 1835 tristitiam
697 1797 833 1836 celare
865 1798 1043 1845 possit.'’
1077 1798 1211 1836 Amor
1243 1796 1358 1835 enim
1386 1795 1563 1834 iuvenes
1589 1795 1642 1833 ad
1667 1794 1738 1833 tri-

182 1873 348 1912 stitiam
395 1873 532 1911 reddit
577 1883 822 1922 propensos.
867 1874 919 1912 Et
960 1873 1078 1912 nulla
1109 1874 1176 1911 est
1206 1872 1350 1911 fabula
1381 1871 1637 1910 Terentiana
1667 1869 1740 1909 ubi

182 1959 266 1987 non
296 1947 529 1986 lacrimans
560 1948 787 1987 inducatur
819 1949 999 1987 amator.
1023 1945 1049 1994 ¹)

245 2024 310 2062 17.
345 2023 485 2061 Senex
517 2023 648 2061 dixit:
686 2023 909 2072 „Nondum
940 2024 1047 2062 mihi
1080 2023 1150 2061 ille
1182 2022 1395 2070 Pamphili
1422 2031 1626 2061 assensus
1652 2022 1738 2060 om-

182 2100 283 2138 nino
330 2109 503 2137 omnem
551 2100 710 2137 ademit
757 2099 1112 2138 sollicitudinem:
1157 2109 1254 2137 cum
1297 2098 1412 2136 enim
1454 2108 1501 2136 se
1541 2098 1740 2146 paratum

184 2174 427 2214 declarabat
473 2175 525 2212 ad
572 2175 809 2214 ducendam
856 2185 951 2213 63111
1000 2184 1130 2222 quam
1168 2184 1244 2222 ego
1277 2173 1487 2222 iubebam,
1521 2172 1740 2211 subtristis

183 2250 291 2288 mihi
321 2250 442 2288 visus
479 2251 587 2289 est.”
621 2250 865 2299 Respondet
895 2250 1062 2289 Davus:
1100 2248 1328 2298 „tristitiae
1361 2249 1453 2286 erat
1485 2257 1615 2286 causa
1639 2247 1739 2286 levi-

183 2326 355 2365 uscula:
389 2325 433 2364 in
460 2326 714 2374 apparandis
741 2325 902 2374 nuptiis
928 2335 1104 2374 parcum
1130 2325 1174 2363 te
1200 2324 1414 2362 videbat.’'
1441 2323 1501 2361 De
1528 2323 1607 2362 hoc
1633 2322 1742 2363 Davi

185 2403 328 2440 astuto
370 2402 593 2440 mendacio
631 2401 870 2440 Scholiasta
901 2401 1121 2440 observat:
1159 2399 1294 2448 „quod
1326 2399 1397 2437 ille
1429 2409 1454 2438 a
1485 2408 1657 2438 summo
1688 2398 1741 2437 ad

185 2476 323 2515 imum
371 2477 568 2525 opposuit
613 2477 683 2515 hic
725 2487 879 2515 causae
921 2475 1230 2514 derivationem
1273 2474 1511 2522 opposuit.'’
1554 2474 1675 2512 Istud
1716 2483 1742 2512 a

185 2562 396 2590 summo
439 2552 500 2590 ad
542 2552 709 2590 imum
750 2551 935 2590 formula
967 2552 1034 2589 est
1065 2561 1087 2589 e
1119 2549 1265 2589 schola
1302 2549 1525 2599 rhetorica,
1558 2549 1666 2588 satis
1697 2547 1742 2586 in

186 2627 360 2666 scholiis
415 2627 627 2675 frequens.
686 2627 839 2666 Totam
891 2626 1212 2666 annotationem
1259 2625 1321 2663 sic
1366 2625 1548 2673 accipio:
1598 2623 1742 2674 „Quod

186 2714 321 2742 senex
377 2706 680 2753 argumentum
737 2704 894 2753 attulit,
943 2714 1025 2751 quo
1071 2713 1163 2741 rem
1209 2703 1347 2741 totam
1395 2700 1644 2750 infirmaret,
1692 2709 1741 2738 eo

188 2781 384 2818 contra
419 2779 579 2818 illum
611 2779 757 2818 Davus
787 2779 924 2817 utitur
954 2780 1003 2817 ut
1033 2788 1125 2816 rem
1157 2778 1239 2816 alio
1271 2777 1455 2816 vertat.”
1487 2776 1596 2824 Ergo
1627 2775 1742 2814 recte

226 2948 245 2982 ι)
266 2947 280 2974 I
288 2954 309 2975 n
317 2954 337 2982 g
346 2953 363 2974 e
370 2947 438 2975 niu
446 2954 479 2975 m
499 2948 630 2982 Belgica
649 2947 860 2976 vertendum:
883 2945 1160 2983 „karaktertrek”
