2002 3464
936 345 1016 384 151

118 514 120 519 ,
188 473 362 523 sectam,
411 471 718 522 Chrysidisque
766 469 1064 518 hereditatem,
1110 479 1218 517 quae
1261 468 1457 517 Glycerio
1490 469 1663 506 mortua
1694 467 1763 505 vel

189 549 381 599 profecta
421 549 512 588 iure
553 547 689 597 ipsius
730 546 800 595 sit,
835 556 860 585 a
892 545 1056 594 Myside
1089 545 1267 593 eiusque
1300 545 1520 584 conservis
1555 543 1764 583 comedi.”

248 701 298 751 V,
333 701 372 751 2,
401 701 440 740 6.
470 698 666 739 Omnia
697 698 973 747 apparata
1005 696 1114 735 iam
1141 697 1275 735 sunt
1301 696 1510 742 intus]:
1544 695 1671 745 „quia
1703 695 1761 733 in-

188 777 302 817 fecta
327 776 430 815 sunt
460 775 512 814 de
542 773 749 823 paratis.”
778 773 898 812 Haec
925 773 1025 821 quid
1042 772 1124 811 sibi
1141 772 1325 811 volunt?
1342 773 1411 811 An
1427 772 1559 811 forte:
1583 771 1766 821 „legitur

189 852 462 902 apparata
493 851 536 889 et
567 860 652 889 non
683 850 886 898 parata
917 848 1018 897 quia
1049 848 1184 887 etiam
1216 848 1376 887 infecta
1408 849 1514 887 sunt·
1543 848 1587 886 in
1619 858 1765 886 rerum

187 928 438 978 paratarum
469 926 678 965 numero’'
713 926 753 971 (i.
783 936 818 964 e.
852 924 1091 974 parandi
1122 924 1304 963 verbum
1336 924 1396 962 nil
1425 924 1509 962 nisi
1537 923 1766 962 consilium

188 1002 415 1055 significat,
449 1002 762 1052 apparandi
795 1002 857 1041 rei
888 1001 1225 1051 perfectionem).

251 1079 317 1119 19.
350 1079 482 1118 Plane
514 1079 603 1118 iam
634 1079 858 1128 perspecto
891 1077 1000 1117 Davi
1028 1077 1147 1116 dolo:
1181 1076 1379 1126 „Dromo,
1408 1076 1596 1115 Dromo''
1626 1076 1764 1115 excla-

187 1156 282 1196 mat
322 1166 470 1196 senex.
514 1156 784 1195 Annotatur:
833 1155 923 1204 „ira
965 1155 1008 1194 et
1050 1154 1194 1193 dolore
1231 1153 1338 1192 nihil
1372 1153 1505 1192 dixit:
1539 1152 1624 1191 nisi
1656 1152 1767 1200 quod

186 1231 391 1272 lorarium
440 1232 672 1281 repetendo
720 1231 894 1280 saepius
937 1231 1107 1269 vocat.'’
1151 1230 1232 1268 Pro
1276 1229 1586 1278 repetendo
1618 1228 1768 1276 utique

187 1307 422 1358 legendum
465 1308 532 1347 est
573 1307 822 1356 repente.
866 1305 936 1344 Nil
979 1305 1095 1344 enim
1133 1305 1186 1344 ad
1218 1305 1375 1344 ultima
1405 1304 1515 1343 Davi
1546 1304 1678 1343 verba
1709 1314 1769 1342 re-

182 1383 376 1434 spondet
408 1393 556 1433 senex,
591 1383 666 1422 sed
698 1383 841 1422 subito
873 1381 1080 1421 lorarium
1108 1381 1259 1420 adesse
1291 1380 1421 1419 iubet.

239 1452 511 1499 'Narraverat
553 1452 701 1498 autem
744 1459 892 1498 Davus
929 1458 980 1497 de
1013 1457 1199 1497 Critonis
1231 1457 1382 1496 Andrii
1415 1457 1616 1506 adventu,
1651 1467 1767 1505 roga-

188 1536 346 1585 tusque
393 1545 420 1575 a
465 1546 579 1575 sene·
617 1535 718 1583 quid
766 1535 839 1574 ille
886 1534 968 1573 sibi
1015 1533 1148 1573 vellet
1193 1533 1350 1582 quidve
1397 1533 1558 1572 diceret
1599 1543 1768 1582 respon—

189 1611 312 1651 derat
335 1614 422 1658 (νε.
460 1611 551 1657 18);

485 1686 734 1735 Glycerium
767 1697 814 1726 se
846 1686 956 1725 scire
989 1686 1130 1725 civem
1163 1696 1259 1725 esse
1290 1685 1497 1725 Atticam.

189 1763 458 1803 Annotatur:
494 1763 628 1813 „bene
660 1764 704 1802 et
736 1763 985 1802 constanter
1017 1763 1070 1801 ad
1103 1773 1154 1801 ea
1185 1773 1294 1811 quae
1326 1762 1496 1801 locutus
1524 1763 1592 1801 est
1618 1761 1767 1800 scire

191 1849 240 1879 se
294 1838 448 1878 dixit.”
506 1839 560 1878 Et
615 1839 791 1878 veritati
849 1839 892 1878 et
938 1830 1251 1887 grammaticae
1299 1838 1605 1878 convenienter
1652 1838 1768 1876 istud

191 1914 254 1955 ad
287 1914 461 1965 delebis,
497 1916 541 1954 et
571 1915 671 1964 post
702 1925 760 1954 se
794 1915 959 1954 inseres
991 1914 1214 1977 dixi-sse
1245 1915 1315 1954 vel
1348 1914 1571 1954 dixisse
1603 1924 1737 1953 eum.

249 2065 300 2117 V,
334 2067 374 2117 3,
409 2067 449 2106 4.
483 2066 627 2106 Iratus
659 2067 781 2115 pater
813 2066 1091 2115 Pamphilum
1124 2067 1270 2115 rogat:

542 2143 629 2183 Ain
661 2143 871 2182 tandem?
904 2143 1014 2182 civis
1047 2143 1295 2192 Glycerium
1328 2144 1427 2182 est?

192 2219 464 2260 Annotatur:
498 2219 590 2259 ain
620 2219 871 2266 tandem]
911 2219 1045 2268 „mire
1073 2219 1197 2268 quasi
1226 2219 1317 2268 ipse
1345 2219 1461 2258 dicat
1486 2220 1598 2268 quod
1625 2219 1772 2258 Davus

194 2295 408 2336 dixerat.”
457 2296 519 2336 Ne
567 2296 664 2345 quis
706 2298 831 2346 erret,
875 2296 1129 2346 pronomine
1171 2296 1294 2346 ipse
1326 2296 1604 2346 Pamphilum
1636 2296 1771 2345 desig-

191 2371 287 2412 nari
316 2382 485 2412 moneo.

253 2523 302 2574 V,
337 2524 376 2574 4,
412 2525 482 2564 43.
532 2524 822 2575 Chremetem,
872 2525 945 2574 qui
992 2525 1120 2564 modo
1167 2523 1303 2564 filiam
1347 2525 1525 2574 invenit,
1569 2525 1631 2563 sic
1674 2524 1773 2563 allo-

193 2599 340 2649 quitur
372 2599 514 2640 Simo:

644 2676 806 2716 Omnes
838 2687 917 2716 nos
949 2677 1135 2726 gaudere
1168 2677 1261 2727 hoc,
1297 2676 1505 2716 Chremes

493 2750 552 2790 Te
584 2753 709 2791 credo
743 2753 927 2792 credere.

194 2827 463 2867 Annotatur:
521 2828 790 2877 „gaudere
837 2828 998 2868 nostris
1046 2830 1125 2878 est,
1175 2830 1224 2867 ut
1270 2839 1401 2878 supra
1448 2828 1768 2878 annotavimus,

198 2903 351 2944 alienis
393 2913 496 2943 vero
528 2905 826 2953 gratulari.
861 2905 964 2944 Plus
997 2914 1096 2954 ergo
1130 2906 1197 2943 est
1229 2905 1473 2953 gaudere
1507 2915 1638 2953 quam
1670 2896 1772 2943 lae-
