2002 3464
885 408 967 445 193

88 559 93 573 .—
135 541 299 582 senem,
331 532 382 571 ut
411 531 580 571 invidos
611 530 772 569 faceret
789 531 861 579 qui
888 541 992 570 vera
1018 531 1335 580 prodiderant.'’
1363 531 1445 570 Pro
1474 531 1713 570 honeste

135 608 305 658 legatur
350 606 602 647 honesti:
651 616 738 644 non
785 606 902 645 enim
949 607 1091 646 fuerat
1136 608 1261 656 turpe
1308 607 1584 646 mendacium
1631 617 1714 655 quo

135 684 301 724 Laches
346 693 452 724 usus
499 683 603 722 erat.
649 682 730 721 Sed
772 683 874 731 quid
916 683 1000 722 isto
1044 694 1174 732 ergo
1216 683 1536 722 revocanda
1579 694 1716 722 uxor

135 761 224 799 est
253 760 411 800 faciam
441 768 528 797 non
558 757 697 797 video.

195 836 266 876 43.
317 835 388 886 „Si
429 843 562 873 sanus
606 835 667 872 sis
710 834 807 873 iube
849 835 971 874 illam
1014 835 1179 874 redire”
1214 836 1416 875 Lachetis
1448 836 1581 875 verba
1612 837 1716 874 sunt

135 911 190 952 ad
234 909 506 960 Phidippum.
557 910 678 950 Sch.:
729 911 783 949 Si
825 921 997 950 sanus
1041 912 1147 958 sis]
1186 922 1298 961 „non
1332 922 1432 961 ergo
1466 912 1615 961 culpae
1649 913 1717 951 est

135 986 204 1027 cui
242 987 292 1026 ut
331 985 479 1026 redeat
516 986 662 1025 iubere
694 988 881 1035 potest.”
915 988 997 1026 Pro
1031 988 1230 1036 culpae
1263 988 1358 1037 lego
1389 988 1444 1026 in
1477 988 1641 1037 culpa
1674 989 1717 1027 et

62 1098 65 1102 ,
132 1061 318 1102 iuberi
357 1072 434 1111 pro
471 1062 689 1101 iubere:
727 1063 771 1101 Si
804 1063 1020 1112 Pamphili
1052 1074 1162 1103 uxor
1194 1064 1331 1103 iuberi
1364 1075 1389 1103 a
1419 1066 1542 1113 patre
1573 1066 1718 1113 potest

130 1137 270 1178 redire
311 1138 365 1177 ad
405 1139 627 1188 maritum,
673 1141 851 1187 apparet
894 1150 991 1178 eam
1033 1141 1078 1178 in
1120 1141 1245 1189 culpa
1286 1151 1373 1180 non
1405 1151 1501 1180 esse
1534 1142 1578 1180 et
1608 1140 1717 1179 nihil

130 1213 286 1254 fecisse
318 1214 430 1263 quod
461 1215 793 1254 matrimonium
826 1216 1071 1256 necessario
1104 1216 1149 1255 in
1180 1219 1438 1266 perpetuum
1470 1218 1658 1256 dirimat.

191 1291 248 1330 49
290 1300 353 1339 sq.
397 1289 579 1340 Cognita
620 1291 907 1331 adolescentis
949 1292 1166 1341 Pamphili
1209 1294 1483 1332 contumacia
1522 1294 1712 1342 indigna-

130 1365 300 1406 bundus
332 1376 468 1406 senex
500 1367 759 1416 Phidippus:

367 1442 463 1482 Non
494 1443 653 1482 credidi
685 1444 833 1492 edepol
866 1444 971 1483 adeo
1004 1444 1294 1483 inhumanum
1325 1445 1430 1484 fore.

368 1519 440 1558 Ita
469 1530 584 1558 nunc
616 1520 654 1558 is
686 1520 768 1559 sibi
800 1530 872 1558 me
906 1520 1251 1569 supplicaturum
1283 1522 1442 1569 putat?

133 1594 254 1635 Sch.:
298 1595 410 1635 sibi
451 1598 557 1642 me]
607 1596 675 1646 „id
718 1597 785 1635 est
817 1607 974 1645 genero
1006 1606 1219 1647 socerum,
1253 1597 1323 1636 vel
1356 1597 1584 1647 Pamphilo
1617 1598 1712 1637 Phi-

132 1671 322 1723 dippum,
366 1672 436 1712 vel
477 1673 516 1712 si
557 1673 658 1721 quid
699 1673 786 1712 tale
824 1673 1085 1712 inveneris.”
1119 1673 1170 1712 In
1202 1674 1360 1722 ineptis
1392 1674 1512 1713 hisce
1544 1675 1633 1713 vel
1666 1675 1713 1713 si

131 1748 262 1797 quid
294 1748 411 1787 tale
438 1748 735 1788 inveneris
761 1749 896 1788 latere
923 1749 1141 1798 suspicor:
1170 1750 1258 1788 vel
1286 1760 1476 1789 senem
1504 1751 1710 1790 iuveni.

90 1833 92 1835 ·
130 1823 225 1863 Hoc
256 1823 374 1863 enim
404 1824 548 1864 solum
581 1824 682 1863 addi
715 1825 849 1864 etiam
882 1826 1038 1874 potest.

191 1901 261 1940 61.
304 1900 599 1940 Postremo
641 1901 794 1940 inter
825 1911 882 1940 se
913 1902 1270 1951 transigant]
1310 1912 1422 1952 „non
1455 1903 1572 1942 enim
1604 1903 1712 1943 haec

129 1978 280 2018 votiva
325 1979 440 2028 sunt,
490 1978 645 2027 quibus
692 1978 904 2017 interesse
951 1979 1178 2018 delectet.”
1228 1979 1434 2019 Potestne
1478 1981 1712 2020 votivus

131 2054 249 2094 idem
279 2054 369 2094 fere
401 2053 645 2104 significare
677 2055 791 2103 quod
837 2036 1150 2094 iucundus?
1289 2035 1291 2040 Ι

189 2208 261 2259 IV,
295 2209 331 2258 1,
365 2209 431 2248 16.
461 2208 728 2258 Tempore
755 2210 868 2254 suo]
902 2239 919 2258 „
941 2209 1113 2257 ...quia
1140 2211 1183 2247 et
1209 2209 1396 2258 septimo
1423 2219 1575 2248 mense
1592 2208 1713 2248 nasci

130 2285 314 2325 solent.”
376 2284 442 2323 Ex
502 2284 582 2324 hoc
643 2284 818 2334 scholio,
878 2284 1083 2332 quoniam
1139 2285 1358 2324 sincerum
1417 2287 1495 2336 est,
1554 2285 1713 2324 melius

131 2361 266 2401 etiam
303 2371 436 2410 quam
483 2371 539 2400 ex
584 2360 657 2400 illo
704 2361 757 2400 ad
798 2361 874 2411 ΙΙΙ,
919 2362 958 2411 3,
1003 2362 1058 2400 33
1102 2363 1280 2410 apparet
1322 2362 1713 2401 commentatorem

130 2439 247 2477 recte
294 2436 595 2486 quaestionem
642 2437 693 2476 de
734 2437 959 2476 mensibus
1001 2437 1283 2477 intellexisse.
1329 2438 1399 2477 Sic
1440 2439 1589 2477 autem
1631 2438 1712 2477 sol-

94 2531 96 2533 ·
129 2514 269 2554 vitur:
317 2514 354 2552 1.
397 2513 520 2552 Nunc
561 2513 716 2552 abhinc
756 2523 915 2553 novem
957 2523 1133 2552 menses
1176 2523 1426 2563 compressa
1467 2515 1535 2553 est
1575 2513 1710 2563 virgo.

132 2591 171 2630 2.
215 2590 381 2630 duobus
421 2590 646 2629 mensibus
686 2592 796 2641 post,
841 2601 941 2639 ergo
983 2601 1097 2629 nunc
1140 2590 1295 2630 abhinc
1336 2592 1505 2640 septem
1536 2601 1713 2630 menses

130 2667 279 2717 nupsit
335 2666 574 2716 Pamphilo.
634 2667 673 2706 3.
732 2667 891 2706 iterum
949 2667 1114 2706 duobus
1171 2667 1396 2706 mensibus
1452 2669 1562 2718 post,
1613 2678 1712 2717 ergo

130 2753 245 2783 nunc
302 2743 458 2782 abhinc
508 2743 695 2792 quinque
740 2754 928 2793 mensesy
977 2743 1231 2792 Pamphilus
1277 2744 1468 2792 primum
1516 2754 1616 2783 cum
1663 2726 1722 2783 ea⁸

132 2830 228 2859 rem
259 2819 422 2859 habuit.

193 2897 263 2936 36.
302 2895 617 2935 Exeuntem
650 2897 745 2935 aut
776 2896 1182 2942 introeuntem]
1217 2895 1436 2947 »σύλληψις
1463 2895 1643 2943 διανοίας
1671 2897 1715 2935 et
1760 2922 1764 2926 -

132 2972 278 3012 mollis
321 2973 410 3011 est:
454 2972 554 3020 quia
595 2971 756 3011 luditur
798 2973 850 3011 de
892 2972 1172 3020 sequentibus
1214 2973 1267 3011 ad
1305 2973 1537 3011 amicam.’'
1570 2973 1715 3012 Arena

1574 3043 1609 3071 13
