2002 3464
907 357 988 394 155

224 484 291 523 11.
325 483 540 523 Censen
565 491 730 530 posse
757 491 838 519 me
865 481 1206 520 obfirmare?
1234 482 1307 525 (sc.
1336 480 1385 518 ut
1411 478 1500 517 ruri
1526 486 1731 516 maneam

159 560 205 599 in
244 558 349 598 urbe
379 557 530 598 relicta
560 556 734 601 Thaide)
767 556 978 595 Phaedria
1008 566 1186 594 servum
1217 555 1352 603 rogat.
1387 553 1662 592 Annotantur
1689 553 1732 591 et

159 635 246 676 alia
286 636 331 674 et
369 634 498 673 haec:
545 632 664 682 „ideo
706 632 819 671 hunc
856 633 1012 681 putant
1043 642 1129 671 non
1161 641 1335 670 censere
1367 630 1469 678 quia
1499 629 1593 678 ipsa
1624 628 1729 666 desi-

159 712 282 752 derat
309 709 445 750 fieri.'’
479 709 616 748 Sensu
649 718 785 747 cassa.
820 708 972 747 Melius
999 708 1111 756 quod
1137 707 1205 746 est
1231 707 1275 746 in
1303 706 1380 745 Ms.
1409 705 1578 744 Hulst.:
1611 703 1731 754 „ideo

158 788 274 828 hunc
313 786 437 836 putat
472 795 558 824 non
589 794 764 823 censere
796 784 897 832 quia
929 784 1020 833 ipse
1052 783 1268 822 desiderat
1298 781 1434 831 fieri‚”
1468 781 1579 830 quod
1611 779 1730 819 Wes-

158 862 382 904 terhovius
411 861 575 911 probat.
603 860 812 909 Equidem
840 860 860 899 f
868 860 975 899 ieri
1002 860 1154 900 abesse
1181 859 1356 899 malim:
1390 858 1527 908 „quod
1554 866 1748 911 servum,

160 939 253 979 vult
297 939 342 979 et
387 937 602 978 desiderat
648 947 734 975 non
781 947 968 987 censere,
1012 937 1053 975 id
1096 947 1196 975 eum
1238 946 1324 976 non
1357 945 1541 974 censere·
1563 933 1730 983 putat.’'

158 1013 441 1054 Sabbadinius
471 1022 547 1062 pro
578 1013 743 1062 putat
775 1012 908 1052 edidit
939 1014 1094 1062 puta,
1129 1012 1241 1061 quod
1272 1022 1359 1051 non
1390 1010 1596 1059 intelligo,

221 1090 287 1130 14.
334 1089 471 1140 „Nam
513 1089 790 1138 ingratiis
829 1100 914 1128 non
946 1090 1098 1128 ultro
1130 1088 1368 1138 significat:
1404 1087 1504 1136 quia
1534 1087 1733 1126 ultronea

156 1166 327 1218 ingrata
352 1166 476 1204 sunt:
505 1165 735 1214 ingrata
762 1175 871 1213 quae
899 1165 950 1204 ab
979 1164 1167 1204 inimicis
1194 1163 1303 1203 fiunt
1321 1175 1370 1203 ac
1387 1163 1730 1203 recusantibus.''

156 1242 270 1292 Lege
300 1251 406 1281 non
432 1240 586 1280 ultro
619 1241 815 1289 (utraque
842 1250 946 1279 voce
968 1240 1106 1279 literis
1124 1241 1377 1290 diremptis),
1397 1241 1441 1279 et
1467 1239 1733 1278 ultronea

155 1319 311 1368 grata
331 1320 421 1368 (pro
437 1317 618 1357 ultron
630 1328 687 1356 ea
709 1317 949 1367 ingrata),
969 1317 1080 1366 quod
1099 1318 1142 1356 et
1160 1317 1444 1356 Sabbadinius
1461 1317 1547 1355 dat.
1561 1315 1730 1355 Coniec-

155 1395 255 1435 tura
275 1394 570 1434 Westerhovii
597 1393 806 1432 invitis
832 1404 908 1442 pro
936 1393 1194 1432 inimicis
1220 1393 1405 1432 fortasse
1423 1403 1530 1442 opus
1546 1402 1632 1431 non
1651 1393 1730 1431 est.

215 1547 270 1598 II,
315 1548 354 1598 2,
402 1548 449 1586 1.»
482 1546 544 1585 Di
591 1546 975 1592 immortales]
1029 1546 1314 1595 „admirantis
1361 1544 1623 1585 exclamatio
1665 1545 1733 1583 est

157 1633 258 1663 cum
303 1623 483 1674 parasiti
529 1623 900 1672 gesticulatione.”
944 1623 1071 1661 Haud
1113 1623 1264 1662 multis
1306 1622 1449 1661 verbis
1497 1632 1604 1671 opus
1636 1631 1732 1660 esse

158 1698 329 1739 videtur
360 1699 412 1739 ad
445 1698 836 1738 commendandam
867 1698 1121 1738 lectionem:
1159 1699 1443 1748 „admirantis
1470 1697 1732 1738 exclamatio

158 1777 231 1816 est'
256 1775 437 1826 parasiti
469 1785 569 1815 cum
600 1776 973 1824 gesticulatione.''

221 1853 288 1893 19.
321 1851 422 1892 His
451 1852 605 1891 ultro
637 1852 886 1899 arrideo]
931 1864 1042 1902 „non
1068 1854 1182 1893 sicut
1208 1854 1252 1893 in
1279 1853 1483 1903 parasitis
1498 1852 1591 1892 fieri
1607 1852 1730 1901 solet,

157 1930 208 1969 ut
247 1928 318 1968 his
360 1928 600 1968 arrideatur
631 1939 657 1968 a
687 1929 871 1979 regibus,
907 1940 1041 1978 quum
1072 1930 1217 1979 potius
1249 1930 1332 1979 ipsi
1363 1929 1490 1968 dictis
1521 1928 1733 1976 factisque

157 2005 327 2046 rideant
367 2004 533 2055 alienis,
572 2004 644 2044 hic
675 2015 771 2044 esse
803 2005 1144 2056 intelligendum,
1180 2002 1314 2045 etiam
1345 2016 1415 2044 res
1447 2005 1541 2054 ipsa
1572 2003 1735 2043 indicat

159 2091 216 2121 ex
261 2081 488 2120 contrario.
536 2081 649 2120 Nam
691 2082 802 2130 quod
845 2081 907 2120 ait
937 2092 1068 2131 supra
1099 2082 1188 2121 his
1221 2092 1318 2131 ego
1351 2092 1456 2120 non
1487 2091 1620 2130 paro
1652 2090 1733 2118 me

158 2157 218 2197 ut
262 2156 491 2197 rideant
536 2156 617 2195 hoc
663 2167 685 2196 e
734 2157 948 2196 contrario
991 2157 1193 2208 ostendit,
1238 2158 1350 2206 quod
1392 2156 1645 2196 subiiciatur
1678 2166 1734 2195 ex

158 2232 328 2273 dictis.”
367 2232 592 2272 Sententia
618 2232 725 2272 haec
750 2233 1005 2282 requiritur:
1039 2234 1322 2283 „arridere
1350 2245 1436 2273 non
1465 2235 1532 2272 est
1559 2232 1671 2281 quod
1689 2232 1733 2270 in

156 2308 361 2359 parasitis
391 2307 485 2348 fieri
515 2308 638 2359 solet,
672 2310 722 2348 ut
748 2319 834 2349 non
860 2310 943 2359 ipsi
970 2310 1154 2350 aliorum
1183 2311 1298 2350 dicta
1323 2311 1523 2358 factaque
1545 2309 1731 2358 rideant,

157 2385 234 2425 sed
279 2384 349 2424 his
395 2385 634 2424 arrideatur
676 2395 702 2424 a
742 2386 938 2434 regibus;
981 2386 1062 2426 hoc
1095 2387 1184 2426 iam
1216 2388 1395 2436 apparet
1427 2397 1482 2425 ex
1514 2386 1606 2435 ipso
1639 2395 1731 2424 sen-

157 2461 395 2501 tentiarum
435 2471 564 2512 nexu,
599 2462 710 2510 quod
743 2462 860 2501 enim
891 2463 1010 2511 prius
1043 2463 1176 2502 dixit:
1211 2463 1300 2501 his
1332 2473 1430 2512 ego
1463 2473 1568 2502 non
1599 2472 1732 2510 paro

157 2547 239 2576 me
279 2537 339 2576 ut
379 2536 619 2588 rideant,
664 2538 745 2577 hoc
787 2549 810 2577 e
849 2538 1062 2578 contrario
1095 2538 1286 2578 ostendit
1319 2538 1359 2584 (i.
1394 2549 1429 2578 e.
1464 2537 1733 2588 oppositione

158 2612 405 2659 illustrat).”
447 2612 616 2652 Ultima
656 2614 809 2653 scholii
850 2615 994 2664 verba,
1029 2625 1139 2663 quae
1171 2615 1324 2654 statim
1356 2616 1454 2664 post
1486 2615 1602 2654 istud
1633 2614 1734 2653 hoc
1763 2663 1772 2674 ·

159 2700 182 2729 e
214 2689 506 2729 contrario
549 2691 807 2730 ostendit
847 2691 1062 2741 leguntur,
1096 2692 1204 2731 haec
1235 2693 1359 2731 sunt:
1393 2692 1534 2740 quod
1566 2690 1732 2730 subii:

158 2766 346 2805 ciatur
387 2776 452 2804 ex
493 2765 691 2815 dictis;
735 2768 1074 2818 corruptissima,
1109 2769 1184 2808 sed
1215 2768 1399 2817 palmari
1431 2767 1733 2807 emendatione

158 2841 332 2882 sanavit
374 2841 670 2881 Sabbadinius.
709 2843 813 2891 Legi
845 2843 962 2882 enim
995 2844 1145 2882 iussit:
1184 2844 1321 2893 „quod
1354 2844 1607 2883 subiiciatur
1637 2843 1758 2898 sed,

158 2918 290 2957 his.’'
325 2917 526 2966 Sequitur
558 2917 675 2957 enim
702 2919 814 2967 apud
841 2922 1037 2968 poetam:
1067 2920 1169 2959 Sed
1197 2920 1285 2959 his
1310 2921 1464 2959 ultro
1492 2919 1730 2959 arrideo.
