2002 3464
1010 397 1092 437 176

265 521 526 561 transituros
550 521 678 570 ipsos,
707 521 774 560 vel
801 522 943 570 ipsum
970 523 1080 569 quod
1102 522 1264 561 factum
1282 523 1390 562 est.”
1407 523 1733 563 Westerhovius
1748 534 1824 573 pro

267 596 314 635 si
348 597 475 635 scribi
513 597 640 635 iussit
676 597 808 646 nisi,
848 597 922 635 sed
949 597 1017 635 vel
1044 597 1107 636 sic
1134 598 1275 637 cetera
1300 608 1430 637 sensu
1463 609 1586 638 cassa
1611 599 1821 638 videntur.

330 673 394 711 10.
444 672 550 720 Quid
595 672 676 710 sibi
721 672 816 710 vult
855 673 961 711 haec
1002 673 1265 712 observatio:
1311 684 1491 723 „parens
1532 674 1623 713 veri
1664 674 1824 714 amoris

266 757 423 785 nomen
456 748 521 785 est
554 748 596 785 et
627 747 794 794 aequali
825 747 917 785 loco
950 748 1140 786 continet
1170 748 1570 796 interpretationem
1581 750 1629 787 ‘.>’'

329 823 394 861 12.
432 822 502 870 „Si
535 822 695 860 deseris
727 823 832 860 nos’'
867 822 974 860 Geta
1006 822 1067 861 ait
1102 823 1359 871 „perimus”
1393 824 1637 873 Respondet
1663 824 1821 873 Hegio:

1303 898 1414 938 Cave
1447 900 1620 938 dixeris.

442 973 587 1021 Neque
619 973 787 1022 faciam,
823 983 959 1021 neque
990 983 1060 1011 me
1093 973 1200 1012 satis
1230 973 1297 1022 pie
1329 985 1454 1023 posse
1487 975 1679 1015 arbitror.

325 1049 389 1087 Ad
432 1059 606 1096 neque
638 1070 690 1075 —
727 1049 974 1087 arbitror
1012 1050 1262 1088 annotatur:
1301 1050 1507 1098 „honesta
1537 1050 1706 1100 locutio,
1741 1059 1824 1098 qua

266 1123 490 1173 significat,
519 1123 722 1172 quidquid
748 1123 896 1162 fecerit
922 1134 997 1172 pro
1023 1124 1197 1172 pietatis
1224 1125 1363 1164 debito
1392 1125 1653 1175 illismerito
1669 1135 1822 1174 pamm

266 1200 404 1238 esse.''
461 1199 668 1247 Corrupta
713 1199 912 1238 videntur
958 1199 1126 1248 lenique
1149 1200 1470 1239 emendatione
1517 1201 1560 1239 in
1607 1200 1822 1250 integrum

265 1275 541 1314 restituenda.
575 1275 655 1313 Pro
687 1285 879 1323 parum
911 1275 1026 1313 enim
1058 1275 1078 1313 f
1086 1276 1270 1314 actum
1301 1276 1500 1315 rescribo.

329 1352 394 1390 17.
1238 1351 1382 1399 Neque
1413 1352 1512 1391 boni

558 1426 703 1474 Neque
735 1425 922 1464 liberalis
953 1426 1126 1465 functus
1163 1428 1230 1465 est
1262 1427 1448 1466 officium
1479 1428 1574 1466 viri.

265 1502 302 1540 N
314 1513 336 1540 e
349 1512 414 1550 qu
427 1512 449 1540 e
475 1502 501 1540 b
514 1512 537 1540 o
550 1502 617 1547 ni]
650 1502 798 1551 „quasi
822 1502 863 1540 id
881 1502 990 1549 quod
1008 1503 1085 1552 est,
1104 1502 1210 1541 velit
1227 1503 1337 1550 quod
1355 1484 1449 1541 esse
1467 1503 1632 1542 debet.”
1651 1503 1821 1552 Optime

264 1577 614 1615 Westerhovius:
648 1577 776 1624 quia
808 1577 855 1614 is
887 1577 1118 1625 prodest
1148 1578 1236 1616 vel
1267 1578 1535 1625 prodesse
1567 1578 1741 1617 debet.

326 1653 393 1691 25.
441 1652 645 1691 Aeschini
685 1653 909 1700 peccatum
951 1652 1013 1691 sic
1044 1652 1180 1700 Hegio
1213 1653 1414 1692 describit
1444 1653 1820 1701 reprehenditque:

269 1727 448 1775 „Simuli
481 1727 609 1766 amici
640 1727 776 1766 nostri
807 1726 942 1766 filiam
975 1727 1169 1766 vitiavit:
1249 1735 1253 1738 ’

702 1803 774 1842 ubi
805 1803 888 1842 scit
918 1804 1094 1853 sactum,
1130 1805 1181 1842 ad
1214 1806 1401 1843 matrem
1432 1805 1611 1854 virginis

456 1878 584 1917 Venit
615 1879 734 1928 ipsus
764 1879 876 1917 ultro
908 1879 1166 1928 lacrumans,
1203 1890 1342 1929 orans,
1378 1881 1617 1930 obsecrans,

456 1954 605 1993 Fidem
637 1955 755 2004 dans,
789 1955 936 1993 iurans
967 1965 1014 1993 se
1047 1955 1166 1993 illam
1198 1955 1426 1994 ducturum
1458 1956 1646 1996 domum.

455 2030 727 2079 Ignotum’st,
761 2030 1014 2079 tacitum’st,
1050 2030 1328 2079 creditum'st,
1362 2031 1482 2079 virgo
1514 2024 1568 2069 ex
1601 2041 1649 2070 eo

455 2104 711 2154 Compressu
743 2105 920 2153 gravida
950 2105 1144 2144 faota’st:
1177 2106 1341 2144 mensis
1372 2106 1441 2144 hic
1472 2106 1664 2145 decimus
1696 2107 1774 2144 est.

455 2181 531 2219 Ille
562 2181 699 2219 bonus
731 2181 796 2219 vir
827 2180 949 2219 nobis
981 2181 1216 2230 psaltriam,
1251 2181 1288 2219 si
1320 2181 1385 2219 dis
1415 2181 1554 2229 placet

455 2255 630 2295 Paravit
660 2256 833 2304 quicum
863 2256 1006 2304 vivat;
1040 2256 1160 2295 illam
1192 2256 1360 2294 deserit.

263 2331 536 2370 Annotantur
583 2332 626 2369 et
673 2331 756 2370 alia
803 2332 846 2369 et
891 2331 1019 2370 haec:
1067 2331 1158 2369 ubi
1205 2331 1316 2369 scit
1361 2331 1596 2377 factum]
1644 2332 1711 2381 „id
1753 2333 1820 2371 est

263 2407 463 2455 intelligit
504 2408 547 2445 et
587 2407 731 2456 sentit,
775 2407 874 2454 quia
915 2416 1044 2455 supra
1078 2407 1247 2445 futurae
1277 2406 1561 2465 peccaverit.”
1593 2393 1819 2455 Eleganter

261 2481 538 2530 Wielingius:
585 2482 652 2531 „id
694 2483 760 2521 est
801 2482 1003 2530 intelligit
1043 2483 1086 2520 et
1126 2481 1270 2531 sentit,
1305 2482 1404 2529 quid
1435 2492 1514 2520 sua
1543 2482 1818 2530 persuasione

261 2557 543 2605 peccaverit.'’

322 2633 390 2671 35.
442 2632 712 2681 „Proferendi
759 2618 891 2671 Getae
937 2633 1043 2671 haec
1087 2632 1283 2671 maxima
1329 2643 1459 2672 causa
1505 2634 1571 2671 est
1612 2643 1646 2671 e.
1680 2643 1718 2681 q.
1751 2633 1815 2671 s.”

262 2707 349 2745 Aut
376 2709 573 2756 corrupta
598 2708 705 2746 haec
726 2709 828 2746 sunt
844 2709 919 2746 aut
944 2707 1196 2756 proferre
1222 2707 1314 2745 vim
1330 2707 1459 2746 habet
1485 2707 1814 2746 extollendi.

322 2784 390 2822 61.
452 2782 668 2832 „Sollicita
724 2783 951 2831 obsequela
1006 2782 1222 2832 Hegionis,
1276 2783 1431 2821 ultima
1476 2782 1520 2820 in
1565 2782 1814 2830 loquendo.”

262 2857 402 2897 Immo
443 2859 648 2900 ultimi.
686 2859 827 2897 Anxie
859 2860 902 2896 et
933 2858 1113 2897 sollicite
1146 2859 1269 2896 cavet
1299 2858 1435 2906 Hegio
1467 2868 1520 2896 ne
1552 2857 1816 2905 arrogantior

262 2935 478 2973 videatur:
514 2946 612 2983 ergo
645 2945 814 2982 semper
844 2934 1031 2982 loquitur
1061 2934 1253 2972 ultimus.
