2002 3464
1009 361 1092 399 216

338 481 443 523 Vll.
491 482 605 520 Nihil
651 483 694 520 in
742 483 973 521 comoediis
1016 494 1111 522 esse
1153 484 1376 522 Terentius
1418 484 1578 532 patitur
1618 482 1783 530 tragici.
1804 476 1832 527 ¹)

274 558 380 596 Vide
411 569 449 606 p.
485 559 539 596 83
572 557 700 596 huius
731 558 839 596 libri.

334 633 502 672 Addam
528 643 664 681 pauca
690 643 797 681 quae
825 634 876 672 ad
904 635 1014 682 quod
1041 645 1176 682 genus
1203 635 1478 682 potissimum
1506 634 1593 672 sint
1614 632 1835 671 referenda

276 718 361 746 non
394 708 537 746 video:

336 783 507 821 Phorm.
550 783 602 832 II,
638 785 676 833 3,
712 786 750 822 5.
785 784 986 822 Phormio
1019 785 1071 822 ad
1102 785 1412 833 Demiphonem
1445 785 1663 833 accedens,
1697 793 1723 821 a
1753 791 1835 830 quo

278 858 343 896 ad·
378 868 554 896 causam
601 859 825 897 dicendam
872 859 1012 898 fuerat
1059 860 1303 910 arcessitus,
1352 870 1512 908 secum,
1561 859 1636 897 sed
1682 858 1742 896 ita
1787 857 1837 896 ut

277 934 486 982 Demipho
519 935 676 983 audiat,
711 935 817 973 haec
847 935 1057 982 loquitur:

1093 1010 1173 1048 Pro
1206 1010 1333 1048 deum
1366 1010 1700 1049 immortalium!

427 1085 564 1132 Negat
594 1084 807 1122 Phanium
840 1095 935 1123 esse
965 1085 1076 1123 hanc
1106 1085 1187 1123 sibi
1220 1086 1443 1134 cognatam
1478 1085 1719 1134 Demipho?

279 1160 544 1198 Annotatur:
583 1169 765 1207 „magno
798 1159 968 1207 ingenio
1000 1142 1224 1198 Terentius
1261 1160 1573 1208 impudentiam
1606 1159 1835 1199 calumnia-

279 1235 385 1274 toris
432 1235 657 1282 expressit.
706 1235 816 1273 Nam
863 1236 906 1273 et
951 1235 1065 1283 prior
1110 1236 1259 1284 incipit
1299 1236 1342 1274 et
1383 1236 1496 1284 prior
1537 1236 1753 1274 accusat.’'
1785 1235 1839 1274 Et

280 1310 415 1359 ipsius
460 1310 647 1348 Terentii
693 1310 773 1348 hoc
820 1320 914 1348 esse
961 1310 1186 1348 inventum
1233 1310 1366 1349 efficio
1414 1321 1468 1348 ex
1514 1311 1700 1349 Andriae
1745 1310 1837 1350 loco

281 1386 350 1435 IV,
399 1386 434 1435 1,
480 1386 547 1424 20.
592 1385 837 1434 Charinum,
881 1386 1037 1424 iniuria
1078 1386 1158 1424 sibi
1200 1386 1358 1424 iratum
1400 1386 1549 1424 sedare
1588 1386 1690 1424 dum
1722 1386 1839 1434 cupit

283 1461 546 1510 Pamphilus,
579 1461 694 1509 prior
724 1461 953 1509 alloquitur
984 1462 1051 1499 his
1084 1461 1246 1499 verbis:

402 1535 595 1585 Charine,
630 1537 673 1574 et
703 1546 773 1574 me
806 1537 849 1574 et
879 1538 922 1575 te
954 1537 1214 1586 imprudens,
1248 1536 1332 1574 nisi
1363 1537 1463 1584 quid
1495 1537 1536 1575 di
1567 1537 1811 1586 respiciunt,

1575 1612 1763 1660 [perdidi.

284 1687 549 1724 Annotatur:
611 1686 746 1735 „mire
803 1687 847 1724 et
903 1685 1132 1725 artificiose
1188 1687 1289 1725 fecit
1334 1686 1608 1735 Pamphilum
1653 1687 1839 1735 priorem

281 1761 439 1808 alloqui
480 1762 532 1799 ad
563 1761 908 1809 perfringendam
939 1761 1205 1799 iracundiam
1237 1760 1420 1810 Charini,
1455 1761 1624 1811 alioqui,
1657 1762 1695 1800 si
1725 1763 1839 1810 prior

281 1836 505 1875 vociferari
535 1837 757 1886 potuisset,
792 1836 956 1884 tragica
986 1837 1301 1876 exclamatione
1331 1847 1437 1875 usus
1468 1837 1664 1876 fuisset.’'

341 1912 547 1962 Quamvis
604 1913 719 1951 enim
778 1912 979 1951 contrarii
1035 1913 1146 1951 inter
1201 1923 1248 1952 se
1304 1913 1347 1951 hi
1403 1913 1484 1952 loci
1541 1913 1621 1952 dici
1673 1913 1840 1962 possint

281 1988 429 2035 (altero
476 1988 592 2026 enim
638 1988 886 2036 impostoris
932 1987 1198 2036 impudentia
1244 1988 1496 2037 depingitur,
1546 1988 1680 2027 altero
1721 1998 1836 2028 vere-

280 2063 406 2101 cundi
455 2063 624 2101 iuvenis
674 2063 839 2111 placida
881 2062 1057 2108 indoles)
1101 2064 1292 2102 eiusdem
1335 2065 1483 2102 tamen
1524 2074 1619 2102 esse
1662 2063 1838 2103 artificis

277 2138 401 2177 facile
433 2139 582 2177 sentis.

336 2213 456 2251 Adel.
500 2213 573 2262 III,
619 2214 657 2263 3,
693 2214 761 2252 65.
795 2213 980 2252 Demeae
1013 2223 1162 2252 severo
1194 2213 1256 2251 illi
1287 2213 1380 2251 seni
1412 2212 1512 2252 ficta
1544 2214 1754 2261 quaedam
1786 2214 1837 2253 de

278 2287 366 2338 filii,
396 2299 525 2336 quem
551 2289 642 2337 ipse
669 2289 785 2327 domi
812 2290 1021 2338 educavit,
1051 2289 1262 2338 probitate
1290 2289 1422 2337 syrus
1449 2289 1664 2337 narravit3
1684 2289 1836 2337 quibus

278 2363 435 2401 auditis
477 2364 630 2411 gaudio
672 2364 744 2402 ille
787 2365 891 2402 adeo
932 2364 1199 2412 perfunditur
1229 2365 1279 2402 ut
1310 2374 1444 2412 paene
1476 2364 1564 2402 iam
1595 2364 1716 2403 mitis
1746 2363 1835 2404 fiat.

277 2438 358 2476 Sed
385 2438 525 2476 subito
553 2439 802 2477 scurrilibus
828 2439 932 2477 iocis
959 2449 1109 2477 senem
1135 2439 1314 2477 ludibrio
1330 2439 1487 2478 habere
1504 2449 1656 2478 servus
1673 2439 1833 2488 incipit.

275 2514 539 2552 Annotatur:
597 2523 751 2562 „prope
798 2514 1000 2552 delinitus
1047 2515 1139 2552 erat
1183 2514 1345 2552 Demea
1391 2515 1539 2553 contra
1585 2514 1835 2553 institutum

275 2588 531 2636 argumenti.
574 2587 816 2627 Artificiose
858 2588 988 2636 igitur
1028 2590 1174 2637 poeta.
1195 2589 1377 2628 subiecit
1408 2600 1463 2628 ex
1493 2599 1676 2638 persona
1705 2589 1832 2639 servi,

277 2663 390 2702 unde
422 2663 545 2702 illum
578 2664 630 2701 ad
663 2663 998 2702 amaritudinem
1029 2664 1272 2712 provocet.'’

309 2790 330 2823 ¹)
358 2788 443 2817 Puto
469 2788 655 2817 Ciceronem
682 2789 920 2823 caesaremque
939 2789 1083 2818 Terentii
1102 2789 1295 2818 comitatem
1315 2797 1389 2819 cum
1408 2790 1474 2819 levi
1495 2790 1740 2825 vituperatione
1757 2790 1825 2819 lau-

272 2845 389 2873 dantes
417 2846 548 2880 praeter
575 2852 761 2874 sermonem
788 2845 860 2874 eius
887 2845 996 2874 lenem
1024 2845 1241 2880 sedatumque
1271 2847 1306 2875 et
1334 2846 1401 2875 alia
1422 2847 1592 2883 spectasse
1615 2848 1650 2876 et
1669 2847 1757 2876 hunc
1777 2849 1833 2874 τοῦ

270 2902 417 2937 τραγικοῦ
437 2898 575 2926 metum.
