2002 3464
900 409 980 447 187

153 537 218 576 sic
258 536 374 577 enim
413 535 462 575 fit
501 545 633 583 quum
674 544 858 583 persona
893 543 968 582 pro
999 543 1183 582 persona
1214 532 1266 570 ad
1300 529 1721 570 commendationem

154 612 374 653 affertur.”
416 611 556 650 Immo
597 619 699 649 vero
742 619 982 658 persona
1021 618 1116 658 pro
1149 618 1330 657 causa,
1365 617 1450 646 non
1481 615 1723 655 persona

154 699 250 739 pro
289 697 542 738 persona.
583 685 755 724 Etenim
797 695 1096 735 personam
1137 694 1232 733 pro
1276 693 1446 722 causa
1486 682 1548 721 ad
1591 691 1721 720 com-

155 775 201 804 m
213 775 236 804 e
247 775 276 804 n
287 764 313 804 d
324 774 350 804 a
361 763 440 803 tio
452 773 480 802 n
492 772 515 802 e
526 772 572 800 m
614 761 801 801 afferunt
842 762 1046 810 oratores,
1092 760 1163 809 qui
1206 758 1475 808 argumentis
1512 757 1638 797 diffisi
1671 756 1723 795 ad

143 850 302 891 ‚preces
332 838 583 887 confugiunt
614 838 657 876 et
694 847 818 885 „mea
850 847 981 876 causa
1011 846 1083 875 reo
1116 835 1354 885 ignoscite''
1388 834 1547 874 dicunt.

203 988 246 1039 Ἰ,
283 988 319 1038 1,
357 987 410 1026 10
441 997 532 1035 sqq.
566 986 688 1035 „Noli
718 987 964 1025 amatorum
993 996 1255 1034 quemquam
1284 984 1497 1024 eximium
1523 982 1724 1022 habere.”

153 1065 262 1115 Syra
292 1074 401 1104 anus
432 1062 670 1102 Philotium
702 1064 863 1112 monet,
899 1063 979 1102 hoc
1012 1064 1266 1111 argumento
1301 1072 1401 1101 usa:

329 1139 441 1179 Nam
472 1149 600 1178 nemo
633 1139 805 1178 illorum
839 1138 1080 1188 quisquam,
1116 1138 1238 1187 scito,
1273 1138 1325 1176 ad
1357 1139 1401 1177 te
1432 1136 1564 1186 venit,

331 1215 440 1266 Quin
471 1215 533 1255 ita
563 1217 687 1264 paret
718 1225 776 1265 se,
813 1215 889 1254 abs
921 1216 964 1254 te
997 1216 1045 1254 ut
1076 1203 1297 1253 blanditiis
1330 1214 1434 1264 suis,

330 1291 468 1342 Quam
500 1292 683 1331 minimo
715 1291 853 1340 pretio
886 1301 1013 1329 suam
1047 1290 1317 1339 voluptatem
1350 1290 1535 1339 expleat.

330 1367 509 1408 Hiscine
541 1369 600 1418 tu,
637 1368 803 1417 amabo,
839 1377 925 1406 non
958 1367 1108 1406 contra
1139 1366 1428 1405 insidiabere?

155 1468 157 1470 -
211 1445 277 1485 Ad
309 1455 373 1484 vs.
411 1445 462 1484 11
497 1445 752 1484 annotatur:
791 1443 898 1492 „hoc
929 1442 1111 1482 verbum
1142 1443 1304 1492 paret
1331 1442 1564 1481 adversum
1591 1441 1727 1479 muni-

152 1521 258 1562 ficos
311 1522 356 1562 et
401 1521 599 1570 segneS.”
648 1520 874 1569 Ingeniose
921 1529 996 1568 pro
1043 1518 1354 1558 munificos
1399 1517 1730 1557 Westerhovius

152 1597 332 1638 nullis
340 1597 458 1636 icos
491 1596 684 1636 coniecit.

213 1673 280 1714 Ad
321 1683 386 1712 vs.
434 1673 510 1712 13:
551 1672 801 1718 Hiscine]
841 1669 1064 1723 ηὲρώτησις,
1097 1671 1138 1710 id
1171 1673 1239 1710 est
1270 1670 1442 1710 talibus.
1476 1671 1530 1709 Et
1561 1670 1658 1709 vide
1693 1670 1731 1709 si

141 1749 332 1800 -pulchra
378 1748 589 1788 meretrix
636 1748 745 1787 est.”
794 1747 929 1786 Vide
977 1749 1227 1796 corruptum
1268 1747 1451 1786 videtur.
1494 1747 1618 1786 Hanc
1660 1758 1729 1786 ex-

156 1827 328 1876 spectes
360 1825 647 1864 sententiam:
686 1824 873 1873 „bonum
907 1824 987 1863 hoc
1020 1824 1153 1872 Syrae
1186 1822 1427 1873 consillum,
1458 1823 1495 1862 si
1522 1823 1732 1862 meretrix

123 1944 135 1953 ,
154 1902 335 1952 pulchra
377 1902 487 1942 est.”
521 1901 722 1950 Suspicor
755 1911 854 1950 ergo
887 1911 962 1950 pro
994 1900 1121 1939 vide
1152 1900 1383 1949 legendum
1417 1910 1512 1939 esse
1543 1899 1729 1938 facile.

219 1979 287 2019 17.
319 1979 473 2028 „Bene‚
503 1977 603 2027 quia
625 1987 711 2016 non
731 1977 960 2027 persuasit,
981 1977 1056 2016 sed
1074 1977 1280 2016 affectum
1298 1976 1456 2015 doloris
1474 1975 1731 2025 expressit.”

154 2055 421 2095 Eiiciendum
463 2054 570 2094 sed.
604 2053 855 2103 Explicatur
889 2053 1005 2092 enim
1040 2053 1203 2092 scholio
1236 2035 1310 2092 cur
1342 2053 1451 2102 Syra
1483 2052 1620 2092 eheu
1652 2062 1732 2090 me

155 2131 424 2171 miseram
457 2130 684 2170 exclamet.

218 2281 249 2332 Ι,
297 2282 334 2331 2,
383 2281 449 2320 19.
493 2280 624 2320 Nam
667 2279 793 2319 11110
825 2280 970 2319 haud
1002 2279 1239 2329 licebat,
1274 2278 1387 2318 nisi
1418 2277 1733 2328 praefinito

156 2357 339 2406 loqui]
403 2356 584 2407 „legitur
637 2357 680 2396 et
727 2356 839 2406 illi,
888 2357 937 2395 ut
983 2356 1042 2395 sit
1089 2355 1394 2395 circumflexus
1441 2355 1645 2395 accentus
1693 2355 1735 2393 et

155 2433 370 2484 significet
401 2433 526 2473 11110
555 2435 604 2473 ut

679 2510 747 2550 Illi
779 2520 879 2550 mea
910 2509 1056 2549 tristia
1087 2510 1214 2549 facta.

157 2587 211 2627 Et
242 2586 490 2626 absolutum
522 2587 630 2626 est.”

218 2662 566 2709 Praefinito]
605 2662 752 2712 „deest
783 2663 1061 2712 tempore,
1097 2663 1172 2702 aut
1203 2662 1304 2711 quid
1336 2662 1465 2701 tale.”

217 2738 367 2788 Inepte
413 2738 727 2788 praefinito
774 2739 875 2778 novi
923 2739 1075 2778 scholii
1121 2739 1286 2778 factum
1334 2739 1400 2777 est
1442 2738 1618 2777 lemma.
1663 2724 1735 2776 Le-

157 2815 345 2865 gendum
389 2825 543 2854 censeo
557 2826 565 2853 :
613 2845 630 2865 ,‚
639 2816 682 2855 et
713 2815 961 2855 absolutum
994 2815 1062 2854 est
1092 2825 1118 2864 p
1131 2825 1151 2854 r
1163 2825 1189 2854 a
1201 2825 1223 2854 e
1235 2815 1255 2854 f
1263 2814 1277 2854 i
1289 2825 1317 2854 n
1329 2815 1342 2853 1
1354 2816 1373 2854 t
1385 2825 1408 2854 o
1422 2826 1431 2863 ;
1466 2814 1587 2853 deest
1619 2813 1736 2852 enim

159 2891 179 2931 t
190 2901 213 2930 e
224 2901 270 2930 m
282 2901 308 2940 p
321 2901 345 2930 o
357 2901 378 2930 r
390 2901 413 2930 e
445 2892 521 2930 aut
551 2890 651 2940 quid
683 2891 812 2931 tale.’'

221 2967 289 3006 22.
336 2967 436 3006 Sed
479 2967 608 3015 quid
648 2966 748 3006 hoc
780 2967 1034 3016 negoti?]
1073 2967 1168 3016 „hic
1200 2967 1252 3005 ad
1285 2967 1592 3015 argumentum
1625 2975 1737 3004 nunc
