2002 3464
969 362 1023 401 62

218 490 266 526 ut
321 487 370 527 fit
425 488 468 526 in
515 488 824 536 antiquioribus
871 488 1138 539 editionibus,
1187 488 1391 528 Chremes
1439 490 1482 527 et
1527 486 1657 526 Thais
1702 486 1771 526 hic

218 564 457 611 loquantur.
485 564 633 602 Funda
659 564 774 602 enim
801 564 923 602 illum
950 564 1071 603 decet
1097 564 1168 612 qui
1195 565 1246 604 ab
1265 565 1438 604 aedibus
1455 564 1546 603 suis
1562 564 1771 603 maiorem

219 639 405 686 aliquem
447 649 675 677 numerum
716 639 907 678 hostium
948 640 1144 688 propellit
1186 641 1339 689 (cogita
1379 641 1504 679 modo
1537 641 1587 679 de
1618 639 1772 688 Vespis

219 713 570 763 Aristophaneis),
614 724 699 752 non
741 724 840 752 eum
881 715 952 762 qui
994 715 1035 753 in
1075 715 1237 754 alienas
1269 716 1395 755 aedes
1427 716 1638 764 impetum
1669 714 1773 753 facit

219 790 318 828 ante
345 799 450 837 quas
478 789 696 827 neminem
723 790 914 828 stantem
941 790 1159 838 conspicit.
1188 791 1240 829 Et
1261 791 1454 839 ineptum
1472 792 1538 830 est
1559 790 1773 839 „facerent

218 865 393 912 fugam”
427 864 477 902 de
509 864 562 902 iis
594 864 757 904 dictum
789 875 894 912 quos
926 865 1041 903 domi
1073 863 1260 904 inclusos
1291 867 1428 914 putes.

277 939 389 978 Dum
421 939 550 978 Thais
576 939 784 987 loquitur:
816 940 1035 989 „Fundam
1065 962 1116 967 —
1140 924 1315 988 fugam’'
1334 941 1377 979 et
1394 940 1598 995 Chremes
1614 940 1770 989 latitat,

219 1015 312 1063 ipsa
342 1015 530 1063 procedit
561 1014 623 1053 ita
654 1015 702 1053 ut
734 1025 758 1054 a
789 1015 927 1053 milite
959 1015 1256 1064 conspiciatur.

280 1090 516 1139 Conspecta
561 1090 721 1129 Thaide
767 1091 1017 1140 priusquam
1064 1091 1197 1130 armis
1243 1091 1454 1140 impetum
1499 1092 1630 1131 faciat
1674 1091 1774 1140 quid

220 1166 351 1204 verba
401 1176 479 1204 sua
525 1165 699 1205 valeant
739 1176 785 1204 se
828 1165 1012 1214 experiri
1052 1166 1163 1205 velle
1204 1165 1429 1215 significat.
1472 1167 1637 1206 Laudat
1682 1165 1774 1206 eius

220 1242 491 1291 prudentiam
524 1240 692 1280 Gnatho
724 1243 767 1280 et

780 1317 883 1366 „Di”
918 1318 993 1363 (ait
1026 1328 1086 1356 vs.
1122 1319 1206 1357 790
1238 1321 1315 1366 sq.)
1348 1309 1542 1357 vostram
1573 1316 1714 1367 fidem,

340 1393 538 1441 Quantist
555 1394 721 1441 sapere!
741 1403 960 1441 nunquam
978 1393 1142 1442 accedo,
1162 1393 1263 1440 quin
1281 1393 1356 1431 abs
1372 1394 1415 1432 te
1433 1394 1584 1432 abeam
1601 1393 1774 1432 doctior.

221 1468 457 1507 Notissima
482 1468 612 1507 verba
638 1468 743 1507 haec
770 1469 882 1506 sunt.
912 1468 1176 1506 Tamenvvix
1202 1469 1245 1507 et
1270 1479 1323 1507 ne
1344 1468 1420 1506 vix
1437 1468 1609 1516 quidem
1625 1478 1775 1507 omnes

221 1528 503 1592 eius'lepores
531 1544 735 1591 agnoscat
760 1543 843 1581 nisi
870 1543 941 1591 qui
967 1543 1175 1591 magistro
1201 1544 1349 1582 utatur
1376 1543 1625 1593 Scholiasta,
1655 1543 1776 1582 cuius

223 1619 328 1657 haec
354 1619 420 1657 est
446 1618 713 1666 lepidissima
739 1618 982 1657 annotatio:
1014 1618 1143 1667 „Mire
1171 1618 1257 1666 egit
1277 1628 1505 1667 personam
1522 1618 1776 1658 admirantis

221 1704 296 1742 per
326 1693 486 1732 trinam
518 1691 795 1744 ἀποστροφήν;
828 1694 879 1732 ad
912 1694 1034 1732 deos:
1073 1692 1125 1731 di
1150 1695 1404 1732 vostram
1430 1693 1621 1743 fidem,
1651 1694 1704 1734 ad
1729 1703 1776 1732 se

221 1769 385 1817 ipsum:
419 1768 680 1816 quantist
706 1779 916 1817 sapere,
946 1769 998 1807 ad
1024 1768 1233 1807 militem:
1266 1779 1545 1816 nunquam
1579 1790 1632 1797 -—
1665 1769 1776 1808 doc·

221 1845 344 1883 tior.
389 1844 440 1883 Et
481 1845 657 1884 ridicule
699 1845 914 1894 parasitus
950 1855 1229 1893 nunquam
1261 1845 1462 1884 accedo
1495 1845 1548 1884 ad
1578 1846 1622 1884 te
1653 1844 1775 1895 dixit,

222 1920 293 1967 qui
325 1930 545 1968 nunquam
577 1921 779 1960 recedit.'’

283 1995 350 2034 Sic
382 2006 480 2043 ergo
513 2006 609 2034 eam
642 1996 871 2044 alloquitur
903 1996 1001 2041 (792
1035 1998 1136 2044 sq.):

340 2071 483 2120 Thais,
518 2071 706 2119 primum
738 2071 818 2110 hoc
848 2071 956 2109 mihi
987 2071 1215 2119 responde:
1249 2081 1378 2119 quom
1410 2071 1487 2110 tibi
1519 2072 1570 2111 do
1602 2073 1733 2111 istam

1538 2146 1775 2196 [virginem,

342 2220 490 2259 Dixtin
522 2221 600 2260 hos
631 2221 739 2260 mihi
771 2222 860 2260 dies
892 2221 973 2260 soli
1004 2221 1103 2260 dare
1134 2223 1209 2261 te?

224 2296 467 2344 Respondet
508 2297 659 2335 Thais:
707 2296 840 2346 „Quid
880 2298 974 2334 tum
1015 2297 1223 2344 postea?”
1265 2296 1417 2335 Nullus
1462 2296 1581 2335 locus
1622 2296 1778 2335 melius

225 2383 354 2421 quam
381 2373 450 2412 hic
476 2373 598 2411 docet
625 2372 724 2420 quid
750 2372 808 2410 sit
834 2371 963 2419 quid
995 2372 1108 2409 tum
1139 2372 1348 2419 postea.
1377 2371 1426 2410 V.
1455 2372 1507 2410 ad
1528 2382 1592 2410 vs.
1612 2372 1694 2411 637
1714 2382 1776 2420 sq.

285 2448 433 2496 Sperni
464 2458 510 2486 se
543 2457 568 2486 a
599 2446 757 2485 Thaide
785 2447 827 2485 et
854 2447 1070 2485 contemni
1096 2446 1246 2484 videns
1272 2446 1420 2485 miles:
1453 2447 1776 2495 „Pamphilam”

225 2524 285 2562 ait
332 2526 408 2569 (vs.
453 2524 550 2568 796)
598 2533 722 2571 „ergo
763 2522 846 2560 huc
886 2522 1023 2571 redde,
1067 2521 1150 2559 nisi
1192 2522 1229 2559 si
1271 2522 1412 2560 mavis
1443 2523 1487 2561 vi
1519 2522 1664 2571 eripi.”
1698 2522 1778 2561 Hic

225 2599 365 2638 subito
416 2598 739 2637 minitabundus
791 2598 833 2636 et
885 2607 982 2636 cum
1024 2597 1173 2635 multis
1214 2597 1456 2636 maledictis
1498 2598 1779 2646 convitiisque

225 2676 346 2714 vetat
386 2685 486 2713 eum
528 2674 733 2713 Chremes
772 2684 897 2712 suam
938 2675 1113 2722 tangere
1155 2683 1357 2712 sororem.
1402 2673 1484 2713 Cur
1529 2675 1670 2714 subito
1710 2674 1780 2713 hic

227 2749 443 2788 Chremeti
484 2749 594 2787 redit
635 2749 837 2787 animus?
879 2749 946 2786 An
978 2759 1032 2787 ex
1065 2758 1145 2796 quo
1177 2748 1306 2787 Thais
1339 2759 1436 2787 cum
1467 2749 1606 2788 milite
1637 2750 1780 2789 locuta

227 2826 304 2873 est,
338 2825 489 2863 statim
522 2824 735 2863 intellexit
766 2823 945 2862 minime
976 2824 1256 2862 metuendum
1288 2834 1382 2862 esse
1413 2824 1599 2864 militem
1625 2825 1779 2863 illurn?

228 2899 296 2937 Sic
336 2900 423 2938 fere
461 2910 553 2938 rem
590 2899 802 2948 explicare
839 2899 1007 2937 videtur
1044 2899 1293 2948 Scholiasta,
1334 2900 1453 2938 cuius
1490 2900 1619 2938 verba
1654 2900 1776 2937 sunt:
