2002 3464
893 384 977 422 223

204 518 270 548 VS.
305 509 374 548 28.
404 509 546 548 Senex
571 508 762 557 graviter
789 509 1034 547 commotus
1062 510 1141 557 est,
1171 509 1376 558 trepidus,
1406 509 1576 548 anxius
1595 509 1722 548 Hunc

146 584 283 623 animi
323 585 491 623 statum
533 593 718 632 agnosco
761 584 951 632 primum
990 584 1034 622 in
1065 584 1209 623 verbis
1241 584 1356 623 ista
1388 585 1634 634 auferte,
1669 586 1721 624 ad

146 669 256 708 quae
303 659 546 699 Scholiasta
592 660 795 698 annotat:
848 659 1113 708 „auferimus
1162 670 1212 698 ea
1254 670 1364 708 quae
1406 671 1505 699 cum
1547 661 1722 699 fastidio

146 735 408 775 cernimus.”
442 735 512 774 Sic
543 745 643 784 ergo
676 735 713 774 is
739 735 941 785 loquitur,
977 736 1049 784 qui
1081 746 1138 786 re,
1169 746 1300 784 quam
1329 746 1428 775 cum
1455 736 1651 775 maxime
1678 736 1723 775 in

145 810 348 851 manibus
377 811 535 860 -habet,
585 812 842 859 quantocius
889 811 1063 860 defungi
1105 812 1237 861 gestit
1279 813 1323 851 et
1364 813 1417 851 ad
1459 813 1604 862 aliam,
1639 795 1724 860 qua

144 888 342 938 vexatur,
377 889 628 927 convertere
660 889 868 927 mentem.
902 887 1063 927 Deinde
1096 889 1228 927 etiam
1263 888 1306 927 in
1337 889 1546 928 vocabulo
1574 889 1721 928 ades-

145 963 291 1014 dum,
335 963 446 1012 quod
489 963 689 1012 equidem
725 964 796 1002 hic
828 965 942 1003 certe
974 965 1220 1003 revocantis
1253 975 1348 1004 esse
1381 975 1548 1015 censeo,
1582 965 1644 1004 ita
1677 966 1724 1004 ut

144 1049 281 1079 senex
310 1039 501 1089 primum
529 1050 682 1079 omnes
710 1039 893 1079 comites
920 1050 1023 1079 suos
1051 1040 1231 1090 ableget,
1261 1041 1380 1080 solus
1408 1051 1504 1080 esse
1532 1042 1721 1091 cupiens,

144 1115 296 1162 deinde
344 1116 542 1155 animum
587 1118 731 1155 mutet
778 1116 1141 1165 consiliorumque
1163 1113 1189 1163 ¹)
1233 1117 1315 1156 sibi
1357 1120 1505 1157 sumat
1541 1118 1721 1157 socium.

143 1191 368 1231 Eiusmodi
399 1192 561 1241 aliquid
593 1194 637 1231 et
670 1193 912 1231 Scholiasta
942 1193 1133 1232 sensisse
1166 1193 1348 1244 videtur,
1383 1195 1456 1242 qui
1489 1195 1542 1233 ad
1570 1194 1723 1233 abite

145 1269 348 1308 annotat:
386 1268 671 1318 „concitatius
698 1268 942 1317 legendum,
973 1268 1073 1316 quia
1100 1270 1144 1308 et
1170 1271 1467 1317 respectantes
1493 1271 1724 1320 properant

95 1326 99 1332 .
145 1345 190 1384 et
219 1345 407 1384 secernit
438 1355 465 1384 a
496 1345 662 1384 Sosia.''
684 1340 712 1390 2)

203 1420 315 1474 Illud
362 1424 440 1468 (vs.
491 1421 562 1468 29)
610 1421 824 1460 dictum
871 1422 1006 1470 puta
1051 1421 1244 1460 iocosam
1287 1422 1417 1461 habet
1460 1423 1723 1471 gravitatem

143 1496 298 1547 liberti,
332 1497 406 1546 qui
437 1497 509 1536 diu
540 1496 585 1535 in
617 1497 770 1536 eadem
802 1497 929 1536 domo
956 1497 1168 1547 servierit,
1198 1508 1329 1546 quem
1357 1499 1589 1538 admonere
1617 1510 1724 1548 opus

143 1581 231 1612 non
271 1572 342 1622 sit,
386 1573 460 1621 qui
491 1573 603 1612 sciat
634 1573 734 1621 quid
767 1573 834 1612 sui
867 1574 926 1612 sit
957 1573 1084 1612 officii
1117 1575 1160 1612 et
1191 1574 1296 1613 illud
1328 1585 1407 1614 suo
1438 1576 1635 1624 tempore
1666 1575 1725 1614 sit

143 1647 352 1688 facturus.
404 1649 552 1697 Neque
607 1649 926 1699 negligendum,
986 1650 1097 1698 quod
1145 1650 1298 1689 statim
1345 1651 1551 1701 sequitur,
1603 1663 1722 1691 voca-

143 1724 295 1764 bulum
341 1735 549 1775 nempe,
598 1726 710 1774 quod
759 1736 858 1765 cum
901 1726 1126 1765 lenissimo
1160 1728 1412 1776 contemptu
1443 1728 1624 1768 ridentis
1657 1731 1724 1768 est

145 1801 278 1851 („noli
307 1801 477 1852 timere,
511 1802 690 1841 obsonia
723 1802 808 1841 ista
840 1812 895 1841 ex
927 1803 1035 1842 artis
1067 1803 1308 1852 praeceptis
1339 1804 1663 1852 parabuntur”).

203 1887 269 1917 vs.
317 1878 387 1917 30.
437 1877 573 1928 Quid
620 1879 708 1917 est
753 1878 894 1926 quod
941 1879 1049 1918 tibi
1093 1878 1216 1918 ‘mea
1262 1890 1353 1919 ars
1395 1881 1495 1920 hoc
1536 1881 1724 1930 possit

144 1954 423 2004 amplius?
462 1955 524 1994 De
566 1956 658 1994 arte
700 1965 780 1994 sua
815 1956 1120 1995 tantummodo
1153 1937 1314 2005 cogitat
1346 1958 1516 2007 artifex,
1551 1959 1595 1997 et
1627 1969 1723 1997 esse

142 2031 314 2080 praeter
343 2030 466 2070 illam
497 2031 744 2081 quidquam,
779 2020 890 2080 qu'od
921 2020 1070 2080 magni
1101 2032 1160 2071 sit
1192 2034 1417 2083 momenti,
1452 2034 1496 2072 in
1528 2036 1723 2074 mentem

144 2106 184 2146 ei
214 2117 269 2146 ne
299 2106 422 2146 venit
451 2106 639 2155 quidem.

203 2193 268 2222 vs.
303 2183 373 2222 34.
416 2183 698 2232 Exspecto
741 2183 871 2232 quid
903 2185 1054 2223 velis
1087 2185 1246 2234 duplici
1277 2187 1422 2235 potest
1453 2189 1723 2236 pronuntiari

143 2259 296 2299 modo:
341 2260 418 2298 aut
457 2260 720 2308 gravitatem
762 2261 886 2309 quasi
928 2261 1166 2300 militarem
1198 2262 1329 2301 habet
1361 2264 1454 2302 eius
1485 2265 1558 2312 qui
1590 2276 1637 2304 se
1670 2266 1723 2304 ad

145 2334 378 2384 imperium
410 2335 706 2385 accipiendum
738 2339 940 2386 paratum
973 2338 1174 2388 declaret,
1205 2340 1281 2378 aut
1307 2339 1376 2378 hic
1403 2350 1571 2389 quoque
1599 2342 1723 2390 coqui

143 2411 286 2451 fastus
333 2411 523 2451 cernitur
568 2413 784 2461 rogantis:
837 2424 973 2463 „quae
1021 2424 1117 2453 esse
1164 2416 1308 2464 potest
1349 2417 1495 2464 gravis
1536 2417 1622 2456 ista
1653 2429 1722 2457 res

144 2497 255 2536 quae
285 2489 437 2527 tamen
468 2487 521 2527 ad
553 2488 742 2528 culinam
775 2499 861 2528 non
892 2490 1108 2538 pertineat
1119 2491 1168 2529 ?”

203 2573 269 2602 vs.
318 2564 388 2603 35.
437 2562 546 2603 Cum
592 2564 736 2614 aliqua
781 2565 996 2615 gravitate
1039 2567 1226 2606 oratoria
1257 2568 1565 2608 allocutionem
1595 2580 1721 2610 suam

145 2639 311 2680 orditur
341 2650 488 2690 senex,
517 2645 603 2689 qua
627 2652 757 2681 suum
786 2642 1015 2682 consilium
1044 2643 1136 2685 eius
1163 2642 1261 2682 fidei
1290 2645 1550 2685 committat.
1580 2631 1722 2695 Atque

145 2717 377 2766 postquam
403 2716 456 2756 de
481 2717 660 2757 lenitate
687 2728 767 2758 sua
793 2729 896 2768 erga
921 2729 1099 2759 servum
1127 2720 1359 2759 etiamtum
1388 2732 1574 2770 coquum
1597 2723 1719 2773 dixit,

185 2862 207 2895 ¹)
236 2860 282 2890 Cf.
307 2861 389 2890 Eun.
414 2868 465 2891 vs.
490 2861 552 2890 765.
578 2861 786 2890 Chremetem
813 2862 905 2892 abire
930 2863 1100 2892 volentem
1129 2863 1231 2893 'rhais
1251 2864 1382 2894 retinet.
1406 2865 1469 2894 Hic
1487 2865 1556 2895 ille:
1578 2865 1722 2903 ‚,0mitte‚

145 2913 214 2942 iam
233 2913 361 2949 adero‚”
379 2913 435 2942 ubi
457 2913 577 2942 adero
597 2914 651 2942 est
670 2915 871 2943 revertar.

182 2967 205 3000 ὓ)
227 2965 274 2995 De
293 2965 394 2995 huius
414 2966 532 2995 scholii
552 2966 785 2996 emendatione
805 2967 874 2996 dixi
894 2968 1057 3002 quaedam
1078 2975 1107 3003 p.
1127 2969 1188 2996 126.
