2002 3464
916 357 994 396 191

165 487 286 527 rela
315 486 368 526 ab
401 496 450 526 eo
482 485 554 534 qui
585 483 647 523 sic
679 482 1030 522 ratiocinaretur:
1069 491 1319 530 „querorz
1354 481 1607 531 querela,
1638 492 1737 530 ergo

16 607 23 615 ,
105 552 107 556 ⁴
166 559 739 612 quae102quaerela.”

226 640 296 680 32.
358 633 558 678 Fortasse
589 645 725 675 unum
758 634 928 683 aliquod
960 633 1140 672 verbum
1173 632 1285 672 inter
1318 643 1391 672 eas
1424 633 1535 672 iram
1569 632 1680 671 hanc

1477 709 1737 755 [conciverit.

167 791 305 832 Schol.
351 799 461 840 „qua
501 788 718 827 sententia
759 788 901 826 totum
944 787 1013 825 hic
1045 786 1266 825 sublatum
1300 787 1367 824 est
1400 785 1511 834 quod
1546 784 1629 824 ait:
1665 785 1740 823 sed

165 876 372 918 magnum
406 864 551 904 nescio
583 864 683 912 quid
715 874 892 903 necesse
925 865 992 903 est
1023 863 1233 912 evenisse,
1268 863 1494 911 Parmeno,
1530 861 1644 900 unde
1678 861 1741 900 ira

164 944 277 984 inter
321 952 396 983 eas
441 940 729 980 intercessit.”
773 941 884 990 Lege
916 940 1017 979 hoc
1048 950 1123 989 pro
1156 939 1267 978 hic:
1306 939 1443 987 „quod
1476 938 1580 977 olim
1615 937 1737 987 dixit,

163 1019 246 1060 hoc
274 1027 390 1058 nunc
415 1017 574 1056 tollit.”

222 1128 298 1186 III,
329 1136 368 1174 2.
399 1134 567 1184 „Instat
593 1133 820 1172 Terentius
846 1133 1006 1172 bonam
1034 1143 1207 1172 socrum
1235 1133 1388 1181 facere,
1410 1133 1458 1171 ut
1476 1132 1637 1170 bonam
1654 1141 1739 1170 me-

162 1211 364 1261 retricem
395 1210 568 1250 faciat.’‘
602 1210 752 1248 Potest
779 1209 934 1257 aliquis
961 1209 986 1247 b
999 1219 1023 1248 o
1036 1220 1064 1248 n
1077 1219 1101 1247 a
1113 1219 1159 1247 m
1191 1219 1237 1247 m
1250 1219 1272 1247 e
1285 1219 1305 1247 r
1318 1219 1340 1247 e
1352 1210 1371 1247 t
1382 1219 1403 1246 r
1415 1208 1429 1246 i
1443 1218 1464 1246 c
1477 1218 1499 1246 e
1512 1218 1557 1246 m
1585 1207 1738 1256 facere,

162 1287 264 1327 licet
309 1296 532 1335 nunquam
578 1286 706 1325 antea
747 1285 907 1324 bonam
939 1294 1113 1323 socrum
1145 1284 1307 1323 fecerit.
1342 1284 1454 1332 Lege
1488 1283 1508 1322 f
1518 1294 1542 1322 a
1555 1293 1577 1322 c
1590 1284 1602 1322 i
1615 1285 1634 1322 t
1666 1294 1741 1332 pro

162 1362 217 1404 fa'
227 1364 277 1404 ci
288 1365 343 1403 at
375 1366 416 1410 (u
427 1365 447 1402 t
477 1363 530 1402 fa
543 1362 621 1402 cit
650 1374 711 1400 =
741 1362 1110 1410 quemadmodum
1142 1361 1275 1406 facit).

169 1466 171 1469 <
224 1440 264 1479 4.
316 1438 449 1490 „Vide
495 1438 861 1487 quemadmodum
902 1448 977 1486 per
1019 1448 1066 1477 se
1098 1437 1242 1486 ipsum
1275 1437 1501 1486 Parmeno,
1537 1447 1611 1485 per
1644 1437 1740 1475 Par-

164 1525 396 1555 menonem
438 1516 635 1555 arceatur
677 1515 884 1563 Sostrata,
930 1524 1038 1562 quae
1081 1523 1218 1562 neque
1261 1513 1411 1552 deesse
1452 1513 1624 1561 propter
1656 1512 1740 1550 offi-

165 1592 294 1642 cium,
322 1601 460 1641 neque
487 1591 652 1640 ingredi
677 1592 850 1640 propter
876 1600 1049 1629 socrum
1077 1589 1335 1628 inducitur.’'
1365 1589 1570 1627 Potestne
1591 1598 1740 1637 prop-

165 1668 252 1707 ter
293 1677 515 1707 socrum
557 1665 822 1715 significare:
866 1667 1172 1714 propterea
1214 1665 1355 1713 quod
1397 1674 1597 1703 socrus
1631 1665 1738 1714 est,

166 1753 222 1783 an
252 1743 334 1783 hoc
363 1753 440 1793 pro
471 1743 544 1783 illo
575 1742 807 1792 legendum
818 1743 839 1780 ⁴?

227 1821 296 1860 24.
330 1822 511 1869 Atque
538 1820 626 1858 his
653 1829 677 1858 o
690 1829 823 1858 nera
849 1818 1059 1864 adiuta]
1093 1817 1278 1867 „locutio
1306 1817 1485 1865 antiqua
1512 1815 1740 1866 figurata.’'

166 1896 248 1936 Pro
305 1897 542 1945 antiqua
597 1895 751 1934 malim
799 1894 1056 1942 antique:
1107 1894 1283 1942 antique
1331 1893 1594 1932 adiutare
1642 1903 1742 1932 cum

167 1973 415 2013 accusativo
447 1973 491 2011 et
522 1971 668 2010 dativo
701 1970 976 2010 construitur.

227 2082 302 2132 111,
337 2082 376 2131 3,
413 2081 482 2120 20.
516 2079 726 2119 Omnibus
759 2078 883 2118 nobis
914 2080 964 2117 ut
996 2088 1066 2117 res
1100 2079 1204 2117 dant
1237 2089 1346 2128 sese,
1367 2079 1428 2117 ita
1444 2079 1594 2127 magni
1612 2080 1741 2127 atque

168 2157 358 2198 humiles
389 2166 557 2196 sumus.

229 2234 350 2273 Sch.:
388 2232 523 2282 „mire
555 2231 666 2271 dixit
698 2231 832 2270 dant
872 2241 1011 2270 sese.
1047 2230 1264 2270 Homerus

409 2311 514 2355 τοῖος
544 2306 618 2360 γὰρ
651 2307 742 2354 νόος
775 2304 878 2346 ἐστὶν
911 2305 1152 2359 ἐπιχθονίων
1185 2305 1416 2358 ἀνθρώπων

411 2379 498 2424 οἷον
529 2379 584 2423 ἐπ’
620 2377 726 2435 ἦμαρ
759 2381 878 2438 ἄγῃσι
907 2382 1036 2435 πατὴρ
1068 2380 1228 2435 ἀνδρῶν
1261 2397 1298 2422 τε
1329 2385 1439 2422 θεῶν
1471 2372 1541 2422 τε..

172 2462 254 2502 Sed
296 2462 366 2500 hic
397 2470 524 2500 sese
555 2459 628 2499 illo
660 2461 704 2499 et
734 2459 920 2499 validius
953 2459 1075 2509 dixit,
1110 2460 1153 2498 et
1185 2461 1252 2498 est
1283 2460 1391 2499 haec
1421 2459 1618 2511 καθολική
1650 2471 1743 2499 sen-

170 2538 350 2578 tentia.”
385 2536 586 2576 Scholion
617 2537 693 2575 aut
725 2537 974 2585 corruptum
1006 2537 1082 2575 aut
1114 2535 1257 2584 inepte
1290 2536 1577 2575 enuntiatum.

233 2614 302 2653 22.
397 2612 429 2651 O
461 2613 525 2652 mi
555 2612 801 2662 Pamphile!
837 2611 913 2651 abs
944 2613 988 2651 te
1021 2612 1303 2660 quamobrem
1334 2612 1441 2651 haec
1473 2613 1626 2651 abierit

1323 2691 1518 2735 [causam
1548 2689 1683 2728 vides.
1702 2730 1711 2736 ,

173 2765 338 2805 schol:
387 2775 438 2814 „a
479 2764 653 2804 nomine
696 2765 739 2803 et
780 2764 1099 2804 blandimento:
1132 2764 1254 2814 mire,
1289 2765 1388 2813 quia
1419 2766 1587 2804 secreta
1619 2764 1743 2804 confi-

172 2843 301 2881 tetur.
334 2840 562 2890 Virgilius:

382 2917 520 2966 Anna,
554 2916 719 2956 fatebor
751 2917 880 2965 enim,
915 2916 1065 2956 miseri
1096 2918 1194 2965 post
1225 2916 1316 2956 fata
1349 2917 1528 2957 Sichaei.
