2002 3464
1008 389 1090 428 124

267 523 367 551 vero
415 523 565 561 corpus
611 514 801 562 reposuit
839 513 1166 553 Westerhovius
1206 524 1280 563 pro
1327 516 1475 554 alius
1521 515 1825 556 subaudiet

266 589 465 637 legendo:
518 589 767 638 psallere
815 589 1051 628 subaudi
1095 590 1147 628 et
1187 591 1387 629 restim
1429 591 1643 630 ducere.
1686 590 1823 641 Quam

267 665 555 704 coniecturam
597 664 635 703 si
676 665 772 712 quis
812 665 905 703 ideo
947 665 991 703 in
1031 666 1203 704 textum
1234 666 1523 714 recipiendum
1554 667 1683 714 neget
1713 667 1823 715 quod

265 750 290 778 a
316 740 474 779 tradita
498 740 680 779 lectione
701 740 886 779 nimium
903 741 1085 789 recedat,
1105 751 1246 790 prave,
1266 752 1336 780 me
1353 741 1501 790 iudice,
1521 741 1822 781 ratiocinetur:

263 811 513 854 testimonio
544 816 687 864 potius
718 816 792 854 illa
823 817 901 865 est,
935 826 1020 854 non
1051 826 1177 864 posse
1209 817 1507 855 commentarii
1538 817 1712 855 textum
1737 816 1848 858 leni,

264 891 407 929 sanari
438 891 618 930 medela.

322 966 424 1005 Hec.
468 967 541 1016 III,
585 968 624 1016 4,
673 968 737 1006 10.
782 967 903 1006 Sosia
944 977 1107 1016 servus
1151 967 1277 1006 modo
1315 977 1413 1006 cum
1444 967 1616 1023 domino
1647 977 1822 1016 peregre

263 1052 474 1091 reversus,
517 1042 775 1081 Parmenoni
816 1053 940 1081 servo
982 1044 1129 1082 narrat
1160 1044 1264 1091 quot
1294 1044 1560 1091 quantasque
1592 1052 1822 1082 aerumnas

263 1118 306 1156 in
337 1118 447 1156 mari
480 1118 537 1156 sit
568 1128 809 1166 perpessus,

499 1193 599 1232 Dies
631 1194 820 1243 triginta,
856 1196 931 1232 aut
961 1194 1057 1242 plus
1091 1204 1152 1243 eo,
1186 1194 1230 1232 in
1262 1193 1362 1232 navi
1393 1194 1466 1244 fui,

498 1268 606 1307 Cum
637 1269 802 1308 interea
833 1280 1004 1318 semper
1034 1270 1222 1308 mortem
1254 1269 1559 1318 exspectabam
1590 1269 1736 1309 miser.

498 1345 565 1383 Ita
596 1355 730 1393 usque
762 1345 944 1384 advorsa
974 1346 1235 1393 tempestate
1267 1345 1334 1383 usi
1366 1336 1531 1384 sumus.

262 1420 343 1458 Hic
383 1420 616 1459 Parmeno:
664 1420 923 1469 „Odiosum”
967 1421 1195 1469 exclamat,
1240 1422 1367 1468 atque
1409 1421 1471 1459 sic
1507 1420 1645 1469 pergit
1677 1419 1820 1459 Sosia:

265 1494 415 1543 „Haud
457 1496 569 1534 clam
610 1506 681 1534 me
724 1496 832 1534 est.'’
870 1495 935 1534 Ad
967 1496 1080 1534 hunc
1111 1496 1254 1534 locum
1286 1497 1329 1534 et
1360 1496 1444 1534 alia
1475 1495 1690 1544 adscripta
1719 1496 1823 1534 sunt

262 1571 304 1608 et
335 1571 462 1609 haec:
501 1571 655 1610 Haud
694 1571 834 1610 clam
871 1582 951 1610 me
979 1572 1078 1617 est]
1108 1570 1300 1621 ,,Λιτότής
1327 1582 1402 1619 pro
1429 1571 1515 1619 Ego
1541 1570 1735 1610 maxime
1761 1571 1820 1610 in-

261 1646 406 1693 telligo
453 1657 583 1694 quam
630 1646 826 1685 odiosum
872 1647 942 1685 sit.
986 1647 1096 1685 Nam
1138 1646 1210 1694 qui
1250 1647 1432 1695 iungunt
1473 1648 1516 1685 et
1556 1646 1620 1685 sic
1658 1646 1819 1696 legunt,

261 1723 404 1760 errant
446 1723 488 1761 et
529 1733 613 1761 non
651 1722 938 1771 intelligunt.”
971 1722 1065 1761 Non
1095 1723 1243 1771 magni
1274 1723 1485 1762 momenti
1515 1723 1622 1761 haec
1653 1723 1721 1761 est
1751 1731 1820 1761 an-

260 1798 423 1836 notatio
437 1810 445 1845 ;
475 1798 663 1845 aliquam
690 1799 838 1836 tamen
863 1798 1100 1836 utilitatem
1125 1798 1266 1847 habet,
1296 1798 1396 1846 quia
1421 1797 1544 1837 nobis
1569 1797 1821 1836 facultatem

259 1873 434 1921 praebet
480 1873 761 1921 cognoscendi
807 1874 1017 1921 quantum
1063 1874 1108 1911 in
1152 1873 1452 1912 Westerhovio
1492 1872 1622 1912 fuerit
1662 1872 1820 1922 ingenii

260 1959 463 1988 acumen:
497 1949 534 1987 is
566 1949 681 1987 enim
712 1949 844 1987 verba
874 1959 1004 1988 sensu
1037 1959 1161 1988 cassa
1191 1959 1312 1987 nam
1355 1948 1446 1997 qui
1487 1949 1728 1997 iungunt
1769 1948 1822 1987 et

260 2024 341 2062 sic
387 2012 580 2072 legunt
624 2026 815 2063 errant
856 2025 918 2063 ita
959 2025 1166 2063 correxit:
1209 2024 1339 2063 Nam
1381 2024 1472 2072 qui
1513 2023 1822 2072 seiungunt

261 2101 312 2138 et
353 2100 434 2138 sic
475 2100 674 2147 legunt
716 2100 839 2138 odio
882 2110 1021 2148 sum,
1068 2100 1272 2138 errant.

318 2175 490 2213 Phorm.
518 2175 570 2223 II,
604 2175 639 2224 1,
670 2175 724 2213 43
753 2185 843 2222 sqq.
863 2174 1143 2223 Lepidissime
1161 2174 1370 2213 Phaedria
1386 2174 1564 2213 fratrem
1581 2173 1820 2221 patruelem
1894 2198 1896 2202 v

259 2251 551 2299 Antiphonem
593 2250 703 2298 apud
745 2250 860 2288 illius
902 2251 1069 2299 patrem
1111 2250 1299 2288 defendit
1336 2251 1380 2289 et
1416 2249 1512 2288 aliis
1553 2248 1820 2298 argumentis

260 2327 303 2364 et
333 2326 435 2364 hoc:
473 2326 543 2375 „Si
575 2326 670 2374 quis
702 2326 831 2365 homo
864 2327 1048 2375 astutus,
1082 2327 1130 2365 ut
1160 2325 1362 2364 Phormio
1394 2326 1472 2374 est,

495 2401 678 2440 Insidias
710 2402 882 2440 nostrae
913 2401 1015 2440 fecit
1046 2401 1369 2449 adolescentiae,

494 2477 557 2515 Ac
588 2476 703 2526 vicit,
738 2478 940 2515 nostrane
972 2487 1022 2515 ea
1054 2477 1178 2525 culpa
1209 2477 1275 2515 est
1307 2486 1362 2514 an
1393 2475 1614 2514 iudicum?

496 2552 574 2601 Qui
606 2562 733 2600 saepe
765 2553 936 2600 propter
967 2552 1174 2590 invidiam
1206 2551 1402 2589 adimunt
1434 2550 1570 2600 diviti,

494 2627 582 2665 Aut
613 2628 784 2675 propter
815 2627 1155 2666 misericordiam
1187 2627 1348 2665 addunt
1378 2626 1596 2674 pauperi.''

262 2702 324 2740 Ad
352 2703 481 2741 verba
507 2702 597 2750 qui
630 2712 796 2750 saepe
815 2725 867 2730 -—
887 2702 1057 2741 diviti
1085 2702 1375 2740 annotationis
1402 2702 1586 2740 miserae
1607 2701 1819 2749 quaedam

259 2779 490 2825 supersunt
516 2778 719 2825 laciniae3
738 2778 894 2826 legitur
917 2778 1054 2816 enim:
1077 2777 1263 2826 „Notum
1281 2777 1405 2815 alteri
1422 2777 1495 2825 qui
1511 2776 1730 2815 invident'’
1745 2787 1755 2823 ;
1773 2776 1819 2814 at

259 2853 478 2900 praeclara
498 2853 734 2900 sagacitate
752 2853 852 2900 quid
870 2853 972 2891 olim
990 2853 1199 2900 scriptum
1215 2852 1345 2890 fuerit
1360 2851 1687 2890 Westerhovius
1702 2850 1816 2889 inve-

261 2927 457 2977 stigavit;
479 2928 659 2967 coniecit
677 2927 812 2967 enim:
835 2928 1020 2977 „Notum
1038 2927 1219 2967 alterare
1236 2927 1303 2965 ius
1315 2927 1387 2976 qui
1398 2926 1632 2972 invidentss'
1647 2925 1817 2975 Opusne
