2002 3464
1023 375 1047 412 8

258 496 398 542 puella
440 497 524 547 illa,
564 498 651 537 iam
683 500 839 549 adulta,
874 493 1072 538 veneunt.
1107 500 1231 538 Forte
1262 500 1432 538 fortuna
1464 499 1621 537 emitur
1652 498 1725 536 illa
1755 497 1807 537 ab

259 571 392 610 altero
424 572 597 611 Thaidis
629 575 832 624 amatore,
867 575 1017 624 milite,
1051 575 1184 613 rivale
1215 575 1286 613 illo
1318 574 1562 623 Phaedriae,
1597 573 1649 612 ad
1681 582 1823 621 quem¹

258 647 350 685 tota
376 647 481 686 haec
507 650 673 696 spectat
698 649 853 688 fabula.
882 650 925 688 Is
952 650 1067 689 enim
1089 651 1170 690 iter
1186 651 1347 689 faciens
1364 650 1408 688 in
1425 649 1594 689 Cariam
1610 649 1810 688 Rhodum

259 722 490 770 appulerat.
535 724 750 763 Reversus
792 725 985 765 Athenas
1027 727 1114 765 iam
1151 727 1258 765 dono
1291 727 1467 764 daturus
1499 726 1591 764 erat
1621 724 1809 776 puellam

259 797 420 847 Thaidi,
455 809 553 837 cum
586 801 801 848 cognoscit
829 803 1027 840 exortum
1060 802 1141 840 sibi
1172 802 1391 840 aemulum
1416 788 1693 849 Phaedriam;
1712 800 1810 839 inde

258 874 424 920 quaerit
465 874 632 925 effugia,
677 877 877 915 daturum
919 888 965 916 se
1007 879 1135 926 negat
1164 878 1260 916 'nisi
1293 878 1434 916 certus
1465 877 1522 915 sit
1553 877 1604 915 de
1635 875 1809 914 Thaidis

257 947 360 996 fide;
395 960 502 997 quae
534 961 724 990 sororem
751 962 876 991 suam
903 953 1149 1001 adoptivam
1176 953 1455 991 vehementer
1474 948 1628 991 'secum
1653 951 1809 990 habere

258 1025 431 1072 cupiens
477 1026 557 1065 hoc
603 1027 684 1065 sibi
725 1028 938 1075 agendum
984 1038 1078 1067 esse
1125 1011 1278 1067 statuit
1318 1029 1367 1067 ut
1406 1038 1481 1077 per
1520 1014 1678 1076 paucos
1719 1026 1810 1066 dies

257 1099 443 1138 militem
513 1101 647 1150 illum,
715 1103 1034 1151 ineptissimum
1094 1103 1356 1153 mortalium,
1420 1103 1559 1142 solum
1619 1102 1807 1152 recipiat,
1831 1102 1834 1103 ⁷

258 1174 524 1226 Phaedriam,
558 1177 658 1216 licet
689 1178 760 1217 ille
791 1179 872 1217 sibi
903 1179 961 1217 sit
991 1179 1128 1218 multo
1161 1179 1307 1228 carior,
1342 1178 1552 1218 excludat.

316 1251 438 1290 Hanc
478 1254 779 1303 narrationem,
825 1265 953 1302 quam
996 1266 1072 1303 ego
1113 1255 1386 1303 grammatici
1427 1255 1563 1292 instar
1599 1253 1643 1292 in
1682 1252 1810 1291 breve

258 1327 452 1365 contraxi
484 1330 783 1379 summarium,
812 1330 1075 1379 lepidissime
1103 1330 1328 1369 exornavit
1353 1331 1500 1378 poeta3
1529 1329 1602 1367 sed
1629 1327 1810 1377 lepidius

259 1401 318 1439 nil
353 1402 529 1450 cogitari
562 1406 704 1452 potest
736 1405 826 1444 ioco
859 1406 930 1445 illo
963 1416 1090 1453 quem
1121 1405 1378 1444 Parmenoni
1409 1404 1570 1443 tribuit.
1604 1404 1647 1443 Is
1679 1403 1807 1453 enim,

259 1476 417 1516 Thaide
450 1480 681 1527 antequam
713 1491 885 1519 narrare
915 1481 1091 1529 incipiat
1122 1481 1376 1519 Phaedriam
1408 1480 1719 1528 interrogante:

1315 1580 1391 1619 Dic
1421 1580 1529 1618 mihi

582 1655 673 1694 Hoc
705 1657 905 1706 primum,
939 1657 1058 1706 potin
1091 1658 1158 1696 est
1188 1657 1257 1695 hic
1287 1657 1460 1695 tacere?

257 1754 331 1791 pro
363 1745 435 1783 illo
466 1749 714 1795 respondet:

1190 1825 1354 1873 egone?
1386 1825 1572 1872 optume.

376 1897 536 1936 Verum
568 1899 675 1937 heus
706 1900 765 1949 tu,
801 1900 881 1938 hac
911 1900 1004 1948 lege
1036 1900 1114 1938 tibi
1145 1910 1289 1938 meam
1322 1900 1540 1948 adstringo
1571 1898 1723 1937 fidem:

374 1973 488 2022 Quae
519 1985 622 2012 vera
653 1975 808 2024 audivi,
842 1976 962 2014 taceo
995 1976 1037 2014 et
1069 1975 1263 2014 contineo
1296 1976 1492 2023 optume:
1516 1970 1542 2020 ¹)

374 2049 447 2088 Sin
478 2050 636 2088 falsum
669 2051 744 2088 aut
769 2060 931 2088 vanum
958 2052 1032 2089 aut
1057 2050 1281 2089 finctumst
1301 2046 1341 2099 ²),
1372 2050 1570 2096 continuo
1596 2048 1806 2097 palamst:

371 2125 529 2163 Plenus
560 2125 771 2163 rimarum
803 2136 912 2174 sum,
947 2126 1028 2164 hac
1060 2127 1187 2173 atque
1219 2126 1317 2164 illac
1348 2126 1521 2175 perfluo,

253 2225 403 2263 deinde
435 2225 575 2272 ipsam
607 2225 781 2264 Thaidis
813 2226 1103 2265 narrationem
1130 2226 1363 2264 identidem
1390 2226 1653 2281 facetissime
1681 2226 1806 2265 inter-

251 2300 412 2351 rumpit
456 2300 507 2338 ad
540 2300 643 2339 illud
676 2311 930 2349 responsum
963 2302 1168 2340 alludens.
1205 2302 1284 2340 Sed
1317 2312 1366 2340 eo
1397 2302 1500 2350 loco,
1534 2302 1607 2340 ubi
1637 2302 1707 2340 vel
1739 2312 1806 2350 op-

250 2375 357 2413 time
389 2377 692 2414 ornamentum
724 2376 827 2414 illud
860 2387 885 2415 a
915 2378 1040 2424 poeta
1074 2378 1140 2415 est
1172 2377 1422 2425 adhibitum,
1452 2376 1509 2415 ibi
1535 2387 1687 2415 versus
1715 2376 1807 2415 eius

249 2450 547 2498 turpissimam
590 2452 896 2490 contraxerunt
931 2452 1161 2502 maculam,
1206 2462 1290 2491 non
1331 2452 1495 2490 incuria
1535 2452 1806 2491 librariorum

249 2526 687 2573 grammaticorumve
720 2526 1057 2576 importunitate,
1092 2527 1166 2566 sed
1198 2526 1435 2566 recentium
1467 2527 1689 2572 doctorum
1715 2537 1804 2575 per-

247 2611 385 2649 versa,
430 2601 467 2639 si
509 2601 607 2649 quid
649 2601 784 2650 video,
825 2602 1049 2650 sapientia.
1083 2603 1317 2650 Postquam
1349 2602 1478 2641 Thais
1510 2602 1560 2640 de
1591 2602 1730 2641 milite
1761 2602 1807 2642 in

285 2802 304 2836 ¹)
323 2802 378 2829 An
397 2802 548 2838 omnia,
567 2803 605 2830 ut
623 2802 756 2838 ingrata
775 2803 902 2833 vitetur
922 2804 1095 2838 repetitio?

281 2854 304 2887 2)
325 2853 429 2883 Multo
451 2854 636 2889 elegantius
655 2856 838 2890 Bentlejus:

561 2907 617 2936 Sin
638 2907 762 2936 falsum
780 2907 892 2937 audivi
915 2916 954 2939 ac
973 2907 1096 2937 fictum.
