2002 3464
1025 376 1076 417 18

636 502 829 541 Profecto
862 513 946 542 non
977 503 1073 551 plus
1104 503 1280 542 biduum
1312 505 1457 543 aut...

270 576 379 615 Tum
411 577 621 616 Phaedria

858 653 976 692 Aut?
1008 653 1068 692 nil
1099 664 1242 693 moror

266 727 502 766 Verborum
543 728 622 766 nil
663 738 845 766 moror
885 728 954 767 hic
995 739 1089 767 esse
1131 739 1284 768 sensus
1319 730 1509 769 videtur:
1547 731 1666 780 „Non
1697 730 1819 780 cupio

266 803 424 852 audire,
468 803 555 841 noli
597 803 828 851 quidquam
870 804 1045 842 addere:
1090 805 1139 842 de
1176 805 1339 843 maiore
1371 805 1535 862 dierum
1567 816 1747 845 numero
1778 807 1822 845 te

264 878 319 916 ni]
356 879 494 917 dicere
526 879 635 928 volo,
671 879 872 927 quidquid
904 879 1003 918 sit.''

324 953 429 1002 Quid
461 955 533 993 illo
565 955 758 1003 tempore
790 954 918 993 faciet
949 955 1191 994 Phaedria?

381 1030 471 1068 Rus
503 1030 570 1068 ibo
604 1030 679 1076 (ait
709 1040 776 1068 vs.
814 1030 933 1076 187):
967 1030 1025 1068 ibi
1056 1030 1136 1069 hoc
1165 1041 1236 1069 me
1268 1031 1493 1071 macerabo
1524 1032 1713 1072 biduum.

262 1105 417 1153 Lepide
449 1106 761 1154 prudenterque
794 1106 997 1144 admonet
1027 1116 1105 1144 nos
1138 1106 1399 1145 Scholiasta:
1432 1108 1819 1155 „pronuntiandum

263 1181 330 1219 est
360 1181 587 1220 biduum
619 1192 668 1221 ac
699 1181 736 1220 si
769 1182 951 1220 dixisset
981 1182 1252 1235 biennioss'
1484 1174 1488 1177 ’

320 1257 522 1296 Eiusdem
554 1258 723 1307 generis
755 1259 822 1297 est
853 1268 986 1306 aeque
1017 1268 1120 1296 vera
1147 1258 1400 1308 observatio,
1431 1269 1538 1307 quae
1566 1259 1618 1297 ad
1643 1269 1817 1308 sequen-

261 1333 351 1371 tem
382 1344 580 1372 versum:

499 1410 566 1448 Ita
596 1410 735 1448 facere
768 1410 998 1448 certumst:
1031 1420 1127 1448 mos
1159 1410 1395 1458 gerundust
1426 1410 1589 1460 Thaidi

262 1485 439 1534 legitur:
487 1496 611 1535 „cum
652 1486 998 1534 pronuntiatione
1046 1486 1088 1524 et
1128 1487 1264 1535 gestu,
1298 1487 1346 1524 ut
1382 1486 1580 1524 ostendat
1611 1496 1719 1534 quae
1749 1485 1817 1525 vis

262 1561 421 1599 amoris
463 1561 519 1599 sit
557 1562 605 1599 ut
646 1561 796 1599 Thaidi
828 1571 923 1599 mos
955 1561 1169 1608 geratur.'’
1203 1560 1345 1609 Recte,
1379 1561 1427 1598 ut
1458 1560 1638 1599 videtur.
1672 1559 1815 1600 Confe-

260 1636 441 1673 rendum
483 1636 550 1674 est
592 1636 706 1674 enim
749 1636 858 1683 quod
901 1646 964 1674 vs.
1008 1636 1061 1674 97
1097 1636 1190 1684 ipsa
1221 1635 1350 1674 Thais
1383 1635 1506 1674 dicit:
1543 1635 1816 1684 „faciundum

259 1710 383 1749 fuit.'’
426 1710 626 1759 Quodque
668 1711 721 1749 ad
762 1711 884 1749 illurn
925 1721 1101 1749 versum
1142 1711 1320 1749 annotat
1362 1710 1601 1750 Scholiasta
1642 1711 1692 1750 de
1733 1721 1815 1750 usu

259 1786 494 1835 gerundivi,
528 1797 613 1824 non
644 1786 748 1824 illud
779 1786 946 1824 tradere
976 1786 1146 1824 videtur
1178 1786 1287 1833 quod
1319 1796 1445 1824 nemo
1471 1786 1516 1824 in
1540 1786 1638 1825 ludo
1665 1786 1815 1825 doctus

259 1861 454 1909 ignorare
494 1863 648 1911 potest⁷
692 1862 767 1900 sed
808 1862 1036 1900 admonere
1078 1861 1282 1901 lectorem
1314 1861 1453 1910 apud
1489 1861 1814 1900 Terentium

259 1938 353 1975 tum
395 1938 650 1985 praesertim
691 1937 810 1976 illam
853 1937 972 1976 verbi
1012 1937 1198 1975 formam
1240 1936 1429 1975 adhiberi
1461 1946 1559 1975 cum
1590 1936 1642 1975 de
1672 1935 1814 1991 σιδηρᾷ

257 2026 333 2050 τινι
360 2009 512 2067 ἀνάγκῃ
539 2014 690 2062 agatur
718 2014 844 2061 atque
871 2012 1085 2060 insignem
1112 2012 1326 2060 quandam
1349 2012 1440 2050 eius
1462 2021 1556 2050 esse
1573 2011 1811 2060 emphasin.

317 2087 410 2126 Iam
447 2088 539 2126 sola
569 2088 719 2127 relicta
749 2088 879 2126 Thais
910 2088 1123 2135 reliquum
1155 2087 1382 2126 consilium
1413 2097 1541 2125 suum
1571 2086 1639 2125 his
1669 2087 1812 2125 verbis

257 2163 415 2210 aperit:

493 2239 546 2277 Et
578 2239 778 2287 quidquid
808 2239 936 2277 huius
966 2238 1059 2288 feci,
1094 2248 1223 2277 causa
1253 2238 1432 2286 virginis

492 2314 601 2364 Feci,
635 2325 738 2353 nam
768 2325 838 2353 me
871 2315 962 2353 eius
993 2324 1116 2362 spero
1147 2313 1326 2352 fratrem
1357 2313 1662 2362 propemodum

492 2391 585 2429 Iam
616 2391 865 2439 repperisse,
901 2390 1216 2428 adolescentem
1248 2389 1351 2427 adeo
1383 2388 1585 2427 nobilem.

491 2465 543 2503 Et
574 2466 611 2504 is
642 2466 766 2504 hodie
796 2467 1027 2504 venturum
1060 2465 1111 2503 ad
1142 2475 1213 2503 me
1245 2464 1468 2503 constituit
1499 2464 1688 2502 domum.

254 2539 335 2579 Ubi
378 2540 481 2578 illud
513 2541 644 2579 adeo
677 2541 753 2579 vix
784 2541 1044 2588 intelligeres
1076 2540 1159 2578 nisi
1191 2539 1429 2578 Scholiasta
1458 2539 1502 2576 te
1533 2539 1803 2577 admoneret:

257 2615 417 2663 „adeo
450 2616 736 2655 exclamantis
768 2618 834 2654 est
866 2617 908 2654 et
940 2626 1038 2654 cum
1069 2616 1194 2663 gestu
1225 2613 1584 2663 pronuntiantis.”
1626 2600 1629 2603 ⁵
