2002 3464
1048 408 1102 448 34

507 533 797 572 Pulcherrime
828 533 969 572 hercle
1001 533 1163 572 dictum
1195 534 1238 572 et
1268 534 1494 582 sapienter.
1528 533 1668 582 Papae

509 608 734 657 Iugularas
764 609 997 647 hominem.
1032 608 1137 658 Quid
1169 609 1271 648 ille?

303 685 345 722 et
377 684 561 722 Thraso:
599 685 773 732 „mutus
804 684 942 723 ilico.''
977 684 1218 732 Sequuntur
1249 684 1375 723 haec:

508 759 614 808 Quid
649 759 693 797 ni
726 760 862 798 esset!
895 759 946 797 Di
977 760 1171 798 vostram
1203 758 1354 798 fidem:
1388 760 1608 799 hominem
1640 760 1854 808 perditum

507 835 816 883 Miserumque:
851 836 894 874 et
924 835 1046 874 illurn
1078 835 1347 883 sacrilegum.

301 910 350 948 In
393 893 648 949 editionibus
689 911 819 950 verba
864 911 1042 960 „Quidni
1085 910 1258 950 esset?”
1301 911 1514 950 Gnathoni
1551 912 1717 961 dantur,
1751 911 1855 950 illud

301 987 447 1025 autem
495 986 570 1035 „Di
614 1009 666 1013 —
709 987 993 1035 sacrilegum'’
1037 997 1185 1025 secum
1220 987 1407 1035 loquitur
1438 987 1660 1026 Parmeno.
1695 987 1854 1026 Sensus

301 1072 400 1109 ergo
433 1072 528 1100 esse
560 1062 706 1101 debet:
743 1063 893 1111 „plane
924 1062 1057 1101 miser
1089 1063 1155 1100 est
1185 1062 1254 1100 hic
1284 1062 1423 1111 miles,
1459 1062 1526 1101 cui
1557 1061 1766 1101 eiusmodi
1797 1061 1855 1100 sit

301 1138 479 1187 amicus,
524 1139 567 1176 et
608 1148 738 1186 quam
779 1138 988 1177 scelestus
1030 1138 1100 1176 ille
1142 1138 1307 1177 amicus
1340 1139 1458 1176 esti&
1491 1138 1572 1176 Sed
1603 1138 1744 1177 totum
1774 1137 1854 1176 hoc

301 1213 463 1251 dictum
505 1224 590 1252 non
630 1215 722 1252 tam
763 1213 1019 1252 Parmenoni
1057 1213 1256 1252 convenit
1288 1224 1417 1261 quam
1448 1213 1698 1262 philosopho
1729 1212 1855 1252 alicui

301 1288 468 1327 docenti
510 1289 581 1336 qui
623 1289 761 1328 amico
804 1290 950 1328 utatur
992 1289 1210 1328 adulatore
1251 1289 1557 1339 miserrimum,
1600 1289 1723 1327 11111111
1752 1298 1855 1327 vero

300 1365 443 1412 ipsum
489 1364 728 1413 pessimum
774 1365 1024 1403 mortalium
1071 1375 1188 1412 esse;
1237 1366 1279 1404 et
1326 1366 1392 1403 est
1434 1365 1524 1403 eius
1566 1364 1701 1404 oratio
1747 1363 1854 1402 satis

288 1440 512 1488 languida.
544 1440 650 1489 Quid
676 1441 713 1478 si
740 1440 949 1478 Thrasoni
976 1440 1129 1478 damus
1160 1441 1333 1489 „mutus
1360 1440 1468 1489 ilico,
1498 1440 1597 1488 quid
1618 1440 1662 1478 ni
1678 1440 1794 1479 esset
1805 1439 1853 1478 ?”

300 1516 395 1554 tum
437 1515 672 1554 Gnathoni:
710 1515 787 1564 „Di
822 1516 1016 1554 vostram
1047 1514 1198 1553 fidem:
1231 1515 1452 1554 hominem
1483 1515 1698 1564 perditum
1728 1514 1871 1553 mise-1

300 1601 479 1638 rumque
512 1592 555 1629 et
586 1591 708 1629 11111111
741 1590 1039 1639 sacrilegum‚’'
1072 1591 1121 1628 ut
1153 1590 1320 1629 Gnatho
1351 1591 1431 1629 hoc
1461 1590 1549 1629 fere
1580 1590 1715 1629 dicat:
1752 1590 1853 1639 „mi-

300 1667 414 1705 seret
454 1677 525 1704 me
561 1666 761 1716 hominis,
793 1666 863 1705 vel
893 1666 1036 1715 potius
1067 1666 1303 1715 misereret,
1338 1666 1374 1704 si
1405 1677 1490 1705 non
1521 1666 1754 1714 sacrilegus
1783 1665 1854 1704 ille

300 1742 456 1780 esset.”
519 1742 628 1780 Illud
689 1743 835 1780 autem
901 1742 1104 1791 „miseret
1164 1752 1235 1780 me
1290 1742 1478 1780 hominis
1534 1752 1560 1780 a
1614 1743 1657 1780 te
1716 1740 1852 1790 profli-

299 1817 415 1864 gati''
463 1818 630 1865 egregie
677 1818 824 1856 decere
871 1817 1141 1855 Gnathonem
1188 1827 1210 1855 e
1251 1817 1392 1855 verbis
1434 1827 1538 1856 mox
1578 1816 1859 1865 sequentibus-

299 1893 529 1942 apparebit,
573 1893 645 1931 ubi
686 1893 768 1941 ille,
813 1892 956 1931 audito
1000 1892 1099 1940 quid
1141 1893 1355 1940 quondam
1397 1892 1559 1931 Thraso
1596 1891 1854 1931 adolescenti

299 1968 542 2006 adversario
575 1968 852 2017 responderit,
886 1968 1083 2006 flebiliter
1116 1970 1192 2013 (vs.
1227 1968 1349 2013 43o):

505 2044 628 2082 Dolet
660 2043 823 2081 dictum
855 2043 1116 2091 imprudenti
1148 2043 1406 2081 adolescenti
1439 2043 1482 2081 et
1512 2042 1656 2082 libero.

299 2119 361 2157 Ibi
393 2120 509 2158 enim
541 2119 694 2158 dolet
725 2122 797 2164 (sc.
830 2101 951 2164 mihi)
983 2129 1157 2167 prorsus
1189 2119 1303 2157 idern
1330 2120 1396 2157 est
1422 2128 1471 2159 ac
1496 2118 1733 2157 miseret
1758 2127 1852 2166 me.

358 2196 549 2234 Tandem
581 2196 633 2234 ad
664 2206 757 2234 rem
787 2197 1059 2243 praesentem
1091 2195 1253 2234 Thraso
1284 2196 1404 2234 venit
1435 2196 1478 2233 et
1509 2195 1645 2241 (434):

507 2271 587 2309 Sed
619 2271 725 2309 heus
757 2272 816 2319 tu,
850 2281 1014 2319 purgon
1046 2280 1122 2318 ego
1154 2280 1224 2308 me
1257 2271 1307 2308 de
1338 2271 1454 2309 istac*
1477 2269 1638 2318 Thaidi,

506 2346 623 2395 911011
656 2357 753 2385 eam
785 2356 855 2384 me
888 2356 1034 2384 amare
1066 2346 1358 2394 suspicatast?

299 2420 407 2459 Illud
449 2421 585 2459 heus
626 2422 683 2459 tu
724 2420 964 2469 praemittit
1006 2421 1076 2468 qui
1118 2421 1168 2459 de
1209 2431 1254 2459 re
1294 2420 1552 2468 gravissima
1591 2420 1649 2458 sit
1690 2419 1851 2459 consul-

298 2496 421 2534 turus
461 2497 503 2534 et
535 2496 585 2534 de
618 2506 700 2544 qua
731 2496 819 2534 iarn
851 2496 931 2534 sibi
964 2497 1025 2541 (ut
1056 2496 1146 2544 ipse
1179 2495 1323 2541 credit)
1356 2495 1725 2543 sapientissimum
1758 2505 1850 2534 con-

299 2570 444 2608 silium
487 2571 657 2619 ceperit.
701 2571 754 2609 Et
784 2572 1005 2619 praeterea
1035 2570 1221 2618 loquitur
1251 2570 1377 2608 miles
1408 2571 1632 2618 tamquam
1665 2570 1732 2609 cui
1761 2579 1849 2618 per-

300 2655 478 2684 suasum
510 2646 568 2684 sit
599 2646 667 2684 sui
698 2656 844 2684 amore
875 2646 1055 2694 flagrare
1086 2645 1310 2693 virginem.

362 2720 563 2769 „Minime
588 2721 718 2759 vero''
746 2721 961 2769 parasitus
988 2721 1226 2769 respondet.
1257 2720 1455 2768 Sequitur
1482 2731 1569 2759 vss.
1593 2720 1847 2759 437—445:

537 2796 635 2834 80111
667 2796 873 2844 siquando
905 2796 978 2835 illa
1008 2796 1273 2834 mentionem
1305 2796 1538 2835 Phaedriae

536 2871 656 2910 Facit
689 2873 763 2910 aut
794 2872 831 2909 si
861 2872 1018 2920 laudat,
1052 2872 1096 2909 te
1126 2872 1175 2909 ut
1205 2871 1318 2909 male
1352 2872 1478 2910 urat?
1513 2870 1607 2909 Thr.
1642 2869 1798 2908 Sentio.

538 2945 616 2984 Gn.
650 2946 697 2984 Id
728 2948 776 2984 ut
807 2957 860 2984 ne
891 2945 977 2995 fiat,
1012 2946 1116 2984 haec
1147 2956 1215 2983 res
1248 2947 1382 2984 solast
1412 2946 1611 2984 remedio.
