2002 3464
994 373 1077 411 206

1197 495 1351 535 Omnia
1381 496 1487 535 haec

432 572 561 610 Illum
591 572 741 620 putato
773 581 880 619 quae
913 581 990 620 ego
1022 581 1135 610 nune
1166 571 1257 611 dico
1290 573 1440 612 dicere.

430 647 519 686 Aut
554 647 727 695 quidem
759 657 858 686 oum
889 657 1022 685 uxore
1054 647 1134 686 hac
1165 647 1308 696 ipsum
1338 649 1567 697 prohibebo
1600 649 1739 688 domo.

326 719 396 760 Ge.
429 722 571 760 Iratus
603 723 681 761 est.
714 722 788 762 Ph.
822 722 929 761 Tute
961 722 1074 761 idem
1106 722 1261 761 melius
1307 723 1472 762 feceris.

255 796 320 834 Ad
360 798 482 835 tute
523 797 668 836 idem
703 798 908 836 melius
939 797 1149 836 feceris
1181 799 1431 837 annotatur:
1469 799 1613 847 „locus
1645 799 1712 837 est
1742 797 1811 836 hic

258 872 305 909 ut
350 872 548 910 ostendat
593 872 794 911 Phormio
841 873 892 911 de
939 874 1159 921 compacto
1202 873 1340 921 egisse
1383 884 1481 912 eum
1524 873 1810 922 Antiphone.”

258 945 375 995 Quid,
405 957 575 997 quaeso,
604 948 711 986 haee
736 947 817 986 sibi
843 948 1024 986 volunt?
1051 947 1283 997 Pertinent‚
1312 949 1360 987 ut
1386 949 1544 998 opinor,
1575 949 1628 987 ad
1653 958 1717 988 vs.
1742 948 1810 998 78,

257 1022 406 1069 estque
432 1022 538 1060 haec
563 1023 800 1061 sententia:
834 1004 965 1072 „haec
991 1033 1125 1061 senex
1151 1022 1251 1062 dicit
1278 1024 1326 1062 ut
1352 1023 1564 1072 significet
1592 1023 1813 1062 collusisse

256 1096 560 1135 Phormionem
607 1099 650 1136 et
690 1098 1024 1146 Antiphonem.'’
1067 1098 1178 1155 Lege
1220 1108 1318 1147 ergo
1361 1099 1699 1138 ostendatur
1738 1109 1813 1147 pro

257 1173 536 1212 ostendat.

317 1324 391 1374 III,
429 1325 464 1374 1,
503 1325 568 1363 10.
601 1324 789 1373 Antipho
822 1324 975 1363 Getam
1006 1325 1149 1372 rogat:
1187 1324 1418 1373 „numquid
1445 1324 1557 1372 patri
1583 1324 1752 1363 subolet
1762 1324 1811 1363 ?”

258 1399 523 1438 Annotatur:
559 1399 664 1449 „sub
696 1399 994 1438 convenientia
1025 1409 1103 1438 sua
1130 1400 1173 1438 et
1198 1399 1469 1438 Phormionis
1496 1399 1641 1438 dicit.''
1672 1399 1813 1438 Immo

259 1484 425 1523 super
457 1476 529 1520 (=
559 1475 632 1520 de)
666 1484 751 1513 non
782 1475 894 1513 sub.

319 1624 393 1674 ΙΙΙ,
428 1625 466 1674 3,
502 1625 540 1663 7.
575 1624 710 1673 Quid
735 1624 987 1669 faciam?]
1020 1624 1237 1673 „comiter,
1267 1624 1466 1671 quamvis
1491 1626 1670 1672 uterque
1696 1624 1814 1664 intel-

260 1700 377 1749 ligat,
436 1699 534 1747 quid
590 1700 796 1738 alteruter
851 1699 976 1748 dieat,
1025 1699 1301 1738 dissimulant
1346 1700 1536 1738 tamen.’'
1582 1699 1818 1738 Verissime

260 1775 587 1813 Westerhovius
627 1785 701 1823 pro
739 1775 976 1813 comiter
1006 1774 1234 1823 legendum
1266 1784 1361 1813 esse
1394 1775 1602 1814 comice
1633 1774 1815 1823 putavit.

319 1926 389 1975 IV,
434 1926 472 1975 3,
515 1926 580 1964 18.
608 1926 788 1964 Herus
819 1925 1085 1964 liberalis
1118 1926 1204 1963 est
1236 1926 1289 1964 et
1320 1925 1579 1973 fugitans
1609 1924 1815 1971 litium]

265 2002 413 2052 „quasi
454 2001 565 2049 quod
606 2001 700 2039 vult
741 2001 786 2039 in
827 2001 998 2039 domino
1035 2001 1187 2049 facere,
1227 2001 1268 2038 id
1300 2001 1388 2038 iam
1420 2000 1464 2038 in
1495 2010 1544 2039 eo
1576 2010 1670 2039 esse
1702 2000 1816 2049 dicit,

260 2087 519 2126 praeparans
559 2076 781 2114 hominem
823 2076 875 2114 ad
918 2077 1214 2124 contemptum
1244 2076 1448 2124 pecuniae
1481 2085 1588 2123 quae
1619 2076 1819 2124 poscetur

261 2153 454 2191 statim.'’
512 2152 623 2199 Lege
674 2152 955 2190 dominum
996 2161 1070 2200 pro
1113 2151 1166 2189 in
1208 2151 1442 2189 domino.
1486 2150 1593 2189 Geta
1633 2150 1819 2198 loquitur

261 2229 487 2275 tamquam
527 2227 706 2265 iamiam
747 2227 939 2265 facturus
980 2227 1038 2264 sit
1079 2226 1277 2264 dominus
1319 2225 1360 2263 id
1402 2226 1512 2273 quod
1549 2235 1649 2264 eum
1679 2225 1818 2264 faeere

262 2303 418 2351 cupiat.

321 2453 391 2502 IV,
435 2453 474 2503 4,
520 2454 558 2492 2.
604 2483 622 2502 ,,
647 2483 655 2491 .
676 2482 686 2492 .
706 2482 714 2492 .
735 2483 743 2491 .
791 2452 885 2491 ideo
933 2453 1080 2491 autem
1126 2451 1406 2500 subambigue
1453 2451 1622 2490 loeutus
1663 2453 1730 2490 est
1769 2453 1819 2491 ut

263 2539 534 2576 nequaquam
573 2529 720 2577 posset
756 2528 880 2566 aliter
911 2527 1181 2576 interpretari
1213 2537 1238 2565 a
1269 2527 1387 2576 Geta,
1422 2527 1493 2574 qui
1524 2527 1796 2576 respondebit
1808 2510 1821 2565 :¹

263 2604 455 2642 nescio
482 2604 684 2653 hercle,
712 2604 933 2642 tantum
959 2603 1151 2641 iussus
1178 2602 1338 2640 sum.‘'
1371 2602 1493 2640 Itane
1515 2602 1819 2641 vero?1deone

264 2680 418 2727 aliquis
450 2680 648 2728 ambigue
679 2679 866 2727 loquitur
896 2680 945 2717 ut
977 2679 1085 2717 alter
1116 2680 1213 2724 (uno
1241 2678 1367 2716 modo
1394 2679 1566 2716 tantum
1592 2679 1648 2724 et)
1665 2687 1817 2726 nequa-

265 2765 394 2803 quam
441 2755 564 2793 aliter
610 2754 881 2803 interpretari
931 2754 1098 2802 possit?
1141 2753 1321 2791 Prorsus
1364 2753 1626 2791 contrarium
1651 2762 1819 2791 *verum

265 2841 360 2869 esse
386 2831 545 2879 opinor.
573 2831 753 2869 Latetne
774 2830 957 2868 fortasse
984 2839 1217 2877 nequam
1244 2829 1287 2866 in
1313 2829 1692 2877 nequaquam?
1707 2828 1818 2866 Nam

265 2908 378 2945 recte
419 2906 778 2954 praepositionem
819 2916 846 2944 a
887 2906 986 2943 ante
1029 2904 1164 2943 Geta
1205 2904 1363 2942 delevit
1397 2904 1672 2952 Wielingius:
1705 2902 1819 2941 servi
