2002 3464
906 358 957 396 13

143 486 363 537 deleniret,
391 485 486 525 vult
510 485 768 534 persuadere
790 484 1025 523 Phaedriae
1043 494 1128 523 non
1145 495 1192 523 se
1210 485 1348 524 amari
1365 486 1441 524 sed
1457 486 1714 535 virginem.’'

142 562 335 603 Alterius
361 562 441 601 hoc
467 562 534 601 est
561 561 757 600 initium:
791 562 865 610 „ut
887 561 956 599 vel
973 561 1170 600 laedendi
1186 562 1340 601 militis
1358 572 1490 601 causa
1506 563 1716 602 Phaedria

141 639 374 689 patiatur'’.
412 637 620 687 corrupta
657 639 761 676 sunt
793 648 901 686 quae
934 639 1184 687 sequuntur,
1220 639 1295 677 sed
1328 639 1428 687 quid
1458 639 1602 678 totum
1634 638 1716 677 sibi

142 715 328 755 voluerit
368 714 563 754 scholion
604 714 699 753 luce
741 715 809 753 est
847 714 1016 753 clarius
1052 714 1118 753 Ad
1150 725 1328 754 versum
1360 715 1477 754 enim
1513 716 1608 765 145,
1643 715 1716 754 ubi

141 790 206 831 ita
235 790 366 831 Thais
397 791 449 830 de
480 790 624 840 puella
655 790 738 829 sibi
771 800 796 829 a
827 790 968 829 milite
1000 790 1217 839 promissa
1248 791 1460 840 loquitur:

338 867 498 907 Multae
530 868 633 906 sunt
665 877 822 906 causae
854 867 1136 915 quamobrem
1171 868 1293 916 cupio
1326 868 1535 907 abducere

139 943 398 984 annotatum
424 943 695 983 invenimus:
728 943 897 992 „Etiam
926 943 1006 982 hoc
1022 943 1152 982 verbo
1169 942 1438 991 gratificatur
1454 944 1712 985 Phaedriae:

19 1006 85 1076 ⁷4
139 1030 227 1061 non
253 1020 370 1060 enim
397 1021 657 1070 accipere
683 1021 734 1059 ut
759 1020 812 1059 ab
840 1020 980 1059 amico
1007 1022 1313 1059 remunerante
1335 1021 1410 1059 sed
1438 1021 1714 1060 abducere

138 1099 189 1137 ut
229 1097 282 1145 ab
323 1097 459 1137 stulto
501 1098 545 1136 et
581 1098 801 1146 experte'’.
836 1097 955 1136 Haec
987 1107 1086 1146 ergo
1120 1098 1342 1137 annotatio
1375 1098 1490 1138 idem
1523 1099 1714 1137 continet

6 1156 11 1157 ⁷
56 1166 59 1167 ⁷
139 1175 251 1224 quod
277 1175 386 1214 duae
412 1174 511 1214 illae
539 1175 592 1213 ad
619 1185 684 1213 vs.
717 1175 823 1223 1423
853 1174 1067 1222 siquidem
1095 1185 1299 1223 expers
1327 1175 1406 1214 hoc
1433 1175 1526 1214 loco
1554 1175 1712 1224 signifi-

139 1246 232 1297 cat:
258 1251 368 1291 mei
394 1251 604 1291 amoris
631 1261 787 1300 expers
814 1252 858 1290 et
880 1251 949 1290 cui
965 1251 1060 1300 ipsa
1076 1251 1184 1290 nihil
1200 1262 1392 1300 unquam
1411 1253 1711 1292 concesserim.

197 1337 263 1368 vs.
315 1329 399 1368 144
446 1338 509 1376 sq.
562 1328 724 1367 Audita
770 1327 945 1367 Thaidis
992 1328 1236 1376 suspicione
1283 1329 1334 1366 de
1380 1328 1520 1368 milite
1567 1339 1713 1368 amore

138 1405 306 1454 puellae
346 1405 463 1445 illius
505 1406 642 1455 capto,
685 1405 926 1444 verecunde
968 1406 1012 1443 et
1043 1407 1292 1457 σεμνολογῶν
1324 1405 1535 1444 Phaedria
1565 1407 1710 1455 rogat:

141 1458 359 1532 {etiamne
387 1481 574 1531 amplius
586 1482 635 1520 ?''
663 1481 848 1531 Etenim,
878 1482 927 1520 ut
954 1481 1222 1520 Scholiastae
1250 1481 1393 1520 verbis
1420 1482 1540 1520 utar:
1564 1492 1711 1531 „mun-

138 1540 214 1598 dat
254 1558 494 1609 Terentius,
538 1560 587 1597 ut
628 1558 750 1608 solet,
795 1569 864 1597 res
901 1558 1200 1597 huiuscemodi
1231 1568 1307 1607 per
1339 1558 1509 1607 ellipsin
1541 1560 1710 1598 suam''.

138 1634 386 1686 Respondet
417 1636 571 1680 Thais:

705 1713 777 1762 nil,
812 1723 916 1752 nam
948 1713 1145 1761 quaesivi

139 1789 184 1828 et
220 1789 462 1829 Scholiasta
494 1790 697 1828 annotat:
735 1789 924 1838 „optime
956 1789 1158 1838 purgavit
1190 1789 1429 1839 Terentius,
1464 1791 1575 1838 quod
1607 1801 1712 1830 mox

71 1898 78 1899 ff
138 1864 390 1904 liberalibus
421 1865 585 1915 nuptiis
616 1865 758 1904 fuerat
789 1865 1053 1915 obfuturum,
1089 1865 1127 1903 si
1158 1866 1361 1905 vitiatam
1393 1867 1607 1915 virginem
1640 1868 1710 1906 du-

139 1942 256 1981 ceret
276 1941 480 2000 Chaerea.
498 1941 751 1981 Necessario
769 1952 869 1991 ergo
886 1942 1140 1991 defenditur,
1160 1943 1388 1991 tamquam
1405 1953 1514 1991 quae
1530 1943 1711 1983 honeste

137 2019 326 2068 nuptura
351 2019 461 2058 est.”
491 2018 607 2068 Quae
633 2019 717 2058 huc
743 2018 832 2058 fere
859 2019 1062 2058 redeunt:
1092 2019 1227 2058 totius
1248 2019 1419 2058 fabulae
1436 2021 1711 2061 oeconomiae

137 2094 183 2134 in
207 2096 404 2145 ternpore
430 2095 637 2145 prospicit
662 2097 802 2144 poeta.
832 2095 913 2134 llla
934 2096 1051 2135 enim
1068 2096 1211 2145 puella
1228 2096 1456 2147 Chaereae,
1476 2098 1711 2137 Phaedriae

137 2170 297 2221 fratriS,
341 2171 511 2211 iuvenis
552 2171 735 2211 honesto
778 2171 870 2211 loco
913 2172 1017 2222 nati,
1061 2183 1172 2211 uxor
1203 2172 1289 2212 fiet.
1323 2173 1377 2213 Et
1408 2158 1571 2223 optime
1602 2175 1711 2213 mihi

78 2297 81 2303 Δ
115 2247 308 2286 ·videtur
352 2257 504 2287 veram
550 2248 633 2287 loci
679 2248 770 2294 vim
817 2249 1092 2298 perspexisse
1140 2249 1394 2289 Scholiasta.
1445 2249 1551 2300 Quid
1594 2251 1710 2290 enim

137 2323 351 2363 attinebat
376 2323 586 2364 Thaidem
612 2325 706 2364 tam
732 2323 919 2365 firmiter
943 2325 1024 2365 hoc
1049 2336 1220 2377 negare,
1250 2337 1359 2375 quae
1389 2327 1469 2375 „ad
1495 2327 1710 2376 virginem

137 2399 334 2440 animum
376 2401 614 2440 adiecisse”
655 2401 846 2440 militem
888 2402 1219 2452 suspicetur
1261 2404 1577 2453 tantummodo,
1626 2404 1709 2443 nisi

137 2475 337 2516 subesset
366 2476 438 2517 hic
468 2478 639 2527 aliquod
670 2479 870 2527 poetae
903 2479 1164 2518 consilium?

196 2562 262 2592 vs,
308 2552 391 2594 146
423 2564 516 2603 sqq.
549 2553 649 2594 Has·
673 2554 800 2594 affert
833 2565 987 2595 causas
1020 2554 1152 2595 Thais
1184 2566 1259 2595 cur
1290 2555 1481 2606 puellam
1513 2567 1539 2596 a
1569 2557 1709 2596 milite

142 2626 406 2678 „abducere”
439 2630 607 2680 cupiat:

256 2702 452 2744 Primum
484 2706 595 2755 quod
627 2716 747 2747 soror
779 2708 846 2746 est
878 2708 1004 2758 dicta,
1038 2708 1261 2757 praeterea
1291 2710 1341 2748 ut
1371 2709 1463 2748 suis

258 2779 504 2821 Restituam
537 2793 586 2822 ac
617 2783 818 2823 reddam:
851 2784 945 2824 sola
976 2794 1087 2835 sum,
1122 2785 1258 2824 habeo
1290 2785 1360 2824 hic
1391 2785 1613 2824 neminem

256 2854 403 2906 Neque
435 2858 625 2898 amicum
656 2869 794 2908 neque
827 2860 1081 2911 cognatum:
1115 2860 1397 2909 quamobrem
1429 2861 1640 2901 Phaedria

258 2931 391 2983 Cupio
424 2932 590 2983 aliquos
620 2945 771 2985 parere
803 2935 967 2977 amicos
998 2935 1204 2976 beneficio
1236 2947 1347 2979 meo.
