2002 3464
1040 396 1067 434 4

275 529 377 558 nam
418 530 443 557 a
483 519 711 557 Menandro
755 529 804 557 ea
839 518 972 557 fuisse
1004 519 1163 568 scripta
1194 530 1300 568 quae
1332 520 1504 559 Persius
1535 520 1703 559 habeat.
1736 518 1828 560 Hoc

276 595 391 633 enim
433 595 476 633 et
518 594 750 632 scholiasta
790 594 926 633 Persii
968 595 1070 634 dicit
1112 595 1180 634 his
1211 596 1375 635 verbis:
1413 596 1549 646 „apud
1579 595 1830 635 Terentium

275 679 480 717 personae
522 670 779 708 immutatae
820 671 964 709 sunt.’'
997 671 1050 709 Et
1082 671 1254 710 omnino
1287 671 1360 710 illa
1378 672 1435 717 ,in
1470 671 1716 710 nominibus
1748 670 1828 710 dis·
1863 712 1866 716 ,

276 746 493 794 crepantia
533 746 641 784 mihi
682 746 803 794 parvi
839 747 1051 786 momenti
1081 747 1298 786 videretur
1318 743 1373 797 ¹),·
1391 748 1476 787 nisi
1507 748 1558 787 de
1589 747 1714 796 plane
1746 746 1831 786 alia
1861 741 1870 747 “

274 832 318 859 re
361 823 506 870 ageret
538 822 710 860 Persius
743 823 871 870 atque
903 822 977 861 illa
1009 823 1075 861 est
1106 823 1150 861 in
1183 832 1265 871 qua
1297 824 1339 861 et
1370 806 1573 862 Terentii⁸
1589 824 1632 862 et
1662 821 1831 862 Horatii

274 898 410 937 locus<
433 900 674 938 versantur.
718 898 970 938 Persianum
1012 899 1134 937 illum
1171 899 1372 938 iuvenem
1402 899 1608 948 pristinae
1638 898 1830 938 levitatis

274 974 403 1022 pudet
444 975 728 1024 poenitetque,
773 975 824 1013 ad
866 975 1023 1013 bonam
1064 974 1170 1023 vult¹
1199 974 1335 1013 redire
1370 960 1550 1023 frugem.
1592 974 1687 1014 Hoc
1716 974 1830 1014 certe

274 1049 462 1098 simulat,
508 1059 610 1088 nam
652 1049 804 1088 statim
846 1060 899 1088 se
929 1050 1111 1088 indicat:
1145 1050 1212 1088 sui
1244 1050 1501 1088 desiderium
1532 1050 1626 1089 vult
1656 1058 1830 1088 movere

275 1126 450 1165 amicae.
485 1127 719 1165 Exclusum
746 1137 792 1165 se
819 1127 952 1165 fuisse
979 1137 1032 1165 ne
1059 1127 1188 1165 verbo
1216 1127 1388 1174 quidem
1414 1125 1638 1175 significat.
1666 1124 1831 1175 Ergone

274 1201 404 1240 aliam
441 1202 633 1240 fabulam
664 1202 857 1250 ignotam
889 1202 1011 1250 nobis
1044 1203 1143 1241 ante
1176 1202 1320 1241 oculos
1352 1202 1481 1241 habet
1511 1200 1716 1240 Persius?
1746 1199 1838 1240 Vix*

275 1276 415 1315 ausim
457 1277 538 1315 hoc
568 1287 829 1327 asseverare,
863 1277 964 1316 licet
995 1287 1080 1316 non
1111 1278 1168 1316 sit
1199 1277 1456 1316 incredibiless
1490 1276 1662 1316 Etenim
1690 1276 1832 1326 magis

277 1352 320 1390 in
361 1353 471 1390 hanc
512 1352 668 1391 inclino
711 1352 954 1401 opinionem
990 1354 1038 1391 ut
1069 1353 1208 1391 dicam
1241 1352 1448 1402 Persium,
1482 1353 1683 1401 pudicum
1714 1363 1831 1392 seve-

277 1437 455 1475 rumque
493 1428 821 1477 adolescentem,
856 1428 1103 1477 disciplinae
1137 1429 1354 1467 addictum
1387 1428 1566 1478 Stoicae,
1601 1430 1645 1467 et
1675 1428 1720 1467 in
1750 1428 1830 1467 Me-

277 1503 437 1540 nandro
481 1504 524 1541 et
565 1503 608 1541 in
650 1503 847 1542 Terentio
880 1504 1013 1542 fuisse
1043 1503 1271 1553 hospitem,
1307 1505 1434 1552 atque
1466 1504 1509 1542 in
1540 1504 1632 1553 hoc,
1667 1504 1718 1543 de
1750 1514 1832 1552 quo

278 1578 458 1627 agimus,
487 1579 578 1617 loco
608 1579 908 1618 conscribendo
934 1591 1019 1618 uno
1046 1580 1223 1619 Horatio
1246 1580 1390 1619 nisum
1408 1590 1514 1629 esse,
1535 1590 1662 1628 quem
1678 1590 1830 1629 parum

276 1653 545 1702 intelligeret.
579 1654 689 1693 Nam
721 1655 758 1693 si
788 1665 923 1694 unum
950 1656 1053 1694 illud
1084 1656 1313 1706 „quidnam
1339 1655 1469 1704 igitur
1494 1655 1693 1705 faciam‚”
1722 1656 1832 1704 quod

278 1729 466 1768 cuiusvis
509 1732 586 1780 est,
631 1731 823 1779 quodque
866 1731 1000 1770 obiter
1042 1732 1232 1780 inspecto
1274 1731 1471 1770 Terentio
1515 1753 1565 1759 —
1605 1732 1654 1770 ut
1683 1733 1833 1770 tamen

276 1805 355 1844 hoc
396 1805 552 1854 largiar
593 1807 717 1845 aliter
759 1808 1031 1846 censentibus
1075 1830 1122 1835 -
1172 1817 1425 1856 cognoscere
1466 1807 1605 1856 potuit
1645 1806 1829 1858 Persius,

277 1883 418 1920 cetera
450 1882 595 1921 omnia
626 1884 833 1922 vocabula
866 1893 972 1931 quae
1006 1883 1045 1922 ei
1077 1885 1179 1922 sunt
1212 1894 1310 1922 cum
1342 1883 1538 1923 Terentio
1571 1882 1829 1933 communia,

278 1958 320 1995 et
354 1954 467 2006 apud
495 1958 724 1997 Horatium
755 1959 966 2007 leguntur.
997 1959 1077 1997 Sed
1104 1960 1209 2001 haec
1235 1959 1475 2009 mittamUS,
1505 1959 1556 1998 ad
1584 1959 1832 1998 Terentium

276 2033 514 2072 redeamus.
557 2034 610 2072 Et
653 2045 750 2073 cum
792 2035 842 2072 de
883 2035 975 2073 tota
1015 2045 1144 2073 scena
1174 2034 1421 2083 viderimus,
1456 2034 1625 2083 singula
1655 2034 1830 2083 adspici-

275 2119 401 2147 amus
432 2110 651 2148 vocabula.
1636 2128 1643 2145 ·

453 2195 516 2223 vs.
550 2185 606 2224 46
638 2195 700 2233 δᾳ.
721 2181 749 2231 ²)

395 2260 501 2309 Quid
533 2261 663 2309 igitur
694 2261 883 2300 faciam?
915 2261 1008 2300 Non
1042 2271 1150 2311 eam,
1185 2272 1237 2300 ne
1270 2273 1382 2301 nunc
1413 2262 1584 2310 quidem

395 2336 530 2385 Quom
563 2347 755 2376 arcessor
786 2338 930 2377 ultro?
962 2349 1016 2377 an
1047 2338 1189 2387 potius
1221 2338 1282 2377 ita
1312 2349 1382 2377 me
1415 2348 1729 2387 comparem...

275 2411 442 2450 Dixerit
483 2412 636 2460 aliquis
677 2413 910 2460 particulae
952 2423 1016 2452 an
1059 2413 1201 2452 locum
1232 2413 1301 2452 hic
1332 2424 1417 2453 non
1449 2424 1565 2453 esse:
1598 2424 1683 2453 non
1715 2414 1830 2453 enim

276 2488 387 2527 inter
428 2497 474 2526 se
516 2489 717 2537 opponi
758 2490 863 2528 duas
905 2499 985 2538 reS,
1030 2490 1105 2528 sed
1137 2489 1276 2539 iungi;
1310 2500 1415 2538 opus
1447 2500 1545 2539 ergo
1578 2500 1672 2529 esse
1703 2490 1829 2539 parti-

277 2563 372 2601 cula
403 2573 481 2612 ac,
510 2564 559 2602 ut
585 2563 646 2602 sic
673 2564 759 2603 fere
787 2566 907 2613 roget
933 2563 1162 2604 Phaedria:
1190 2575 1351 2614 „neque
1368 2575 1480 2604 nunc
1496 2576 1632 2614 neque
1652 2566 1831 2615 posthac

313 2733 334 2767 ¹)
364 2733 507 2761 Terentii
535 2733 717 2763 scholiasta
741 2734 779 2762 de
809 2733 999 2770 Phaedriae,
1026 2733 1252 2770 Parmenonis,
1278 2734 1412 2763 Thaidis
1431 2735 1466 2763 in
1484 2735 1652 2764 Menandri
1672 2732 1829 2764 Eunucho

274 2785 464 2813 nominibus
493 2785 577 2813 nihil
606 2785 695 2819 dicit,
722 2792 924 2819 quamquam
954 2786 988 2814 in
1017 2786 1179 2814 eiusmodi
1209 2787 1307 2814 rebus
1337 2787 1635 2816 commemorandis
1654 2786 1829 2815 accuratis-

275 2835 381 2864 simus
401 2843 475 2865 esse
495 2837 589 2865 solet.

311 2889 332 2922 2)
362 2888 399 2916 In
430 2889 570 2917 citandis
598 2890 752 2918 versibus
782 2891 916 2919 actuum
947 2897 1184 2924 scenarumque
1211 2889 1265 2918 hie
1293 2897 1359 2918 non
1386 2891 1513 2919 habebo
1540 2890 1718 2928 rationem;
1748 2890 1828 2919 indi-

275 2939 354 2967 cabo
373 2940 604 2970 tantummodo
624 2941 758 2970 totius
779 2942 911 2971 fabulae
930 2943 1052 2976 quotus
1072 2942 1119 2971 sit
1138 2949 1257 2972 versus
1279 2942 1317 2970 de
1336 2949 1398 2976 quo
1419 2942 1537 2977 agitur.
