2002 3464
1025 406 1080 446 90

273 530 385 568 hunc
417 540 515 577 ergo
544 540 568 567 a
595 540 641 568 se
669 531 946 578 conspectum
973 531 1252 570 dissimulans
1279 532 1520 571 maledictis
1548 532 1591 570 in
1618 533 1827 581 Mysidem

273 587 489 643 invehffur
524 605 749 652 tamquam
779 605 1010 643 liberorum
1041 607 1413 663 supponendorum
1439 606 1660 647 artificem.
1690 608 1759 648 Sic
1785 610 1828 648 et

273 689 319 718 se
352 680 475 718 extra
502 679 671 727 culpam
698 680 892 718 futurum
919 679 1102 731 confidit,
1133 683 1187 731 et,
1216 692 1297 730 quo
1324 683 1464 731 magis
1491 683 1581 731 ipse
1608 683 1826 735 infitietur,

272 765 320 793 eo
351 754 493 803 magis
525 755 787 794 crediturum
819 755 1092 795 Chremetem
1123 757 1337 806 Pamphili
1363 758 1485 797 illum
1513 769 1608 797 esse
1633 757 1826 799 filiolum.

191 871 195 875 Α
270 829 415 877 Neque
455 830 561 869 haec
603 841 702 870 eum
744 831 856 870 fallit
888 841 1009 880 spes:
1042 832 1152 871 redit
1183 833 1299 871 enim
1330 833 1426 872 inde
1459 833 1662 873 Chremes
1693 833 1828 874 filiam

269 915 394 943 suam
436 906 696 946 adolescenti
739 917 925 955 nequam
967 918 1124 956 negare
1162 909 1316 947 certus.
1349 909 1545 957 Dumque
1577 909 1828 958 Pamphilus

269 980 422 1028 Mysidi
457 981 634 1020 miranti
661 983 847 1031 explicat
873 983 973 1031 quid
1000 983 1081 1022 sibi
1106 984 1290 1022 voluerit
1317 994 1367 1023 ea
1393 984 1626 1033 simulatio,
1654 984 1828 1024 advenit

269 1054 383 1094 Crito
415 1056 599 1104 Glycerii
631 1057 750 1107 civis,
780 1057 1000 1107 Chrysidis
1026 1059 1236 1109 sobrinus,
1265 1059 1337 1107 qui
1363 1059 1527 1108 Myside
1555 1059 1702 1108 agnita
1729 1069 1828 1098 cum
1871 1091 1874 1093 Α

268 1130 341 1170 1113
373 1131 557 1180 Glycerii
588 1134 715 1172 aedes
746 1134 891 1173 intrat.
925 1134 1006 1173 Hic
1037 1134 1204 1173 Davus:

446 1209 606 1256 Sequar
636 1209 737 1248 hos:
770 1220 841 1248 me
873 1210 970 1249 nolo
1002 1210 1047 1249 in
1077 1212 1270 1260 tempore
1302 1211 1382 1250 hoc
1411 1210 1556 1250 videat
1587 1220 1736 1249 senex,

267 1282 459 1322 Annotat
490 1284 749 1323 Scholiasta:
787 1285 926 1334 „Bene
958 1296 1153 1324 senex:
1185 1286 1301 1324 Simo
1329 1285 1445 1324 enim
1473 1296 1571 1324 cum
1599 1284 1827 1324 Chremete

268 1359 346 1397 est.
379 1359 556 1407 Propter
586 1360 667 1399 hoc
697 1361 832 1399 videri
862 1371 948 1399 non
978 1361 1084 1411 vult,
1118 1372 1171 1400 ne
1204 1362 1296 1400 eius
1321 1362 1468 1400 utatur
1494 1362 1604 1410 apud
1631 1371 1824 1400 socerum

266 1433 527 1484 testimonio,
561 1445 653 1473 rem
685 1446 780 1474 esse
812 1436 1036 1484 Pamphilo
1069 1437 1276 1475 adversus
1308 1436 1566 1485 Glycerium,
1601 1437 1644 1475 et
1674 1445 1827 1475 rursus

267 1509 442 1557 nuptiae
484 1509 831 1550 confirmentur.”
874 1511 1096 1552 Eiusmodi
1131 1523 1200 1551 res
1232 1513 1496 1560 spectatores
1523 1512 1674 1560 sponte
1705 1511 1826 1555 intel-

267 1584 427 1633 ligunt;
470 1585 700 1624 lectoribus
741 1588 890 1625 tamen
931 1587 1147 1626 interdum
1185 1587 1468 1626 monitoribus
1500 1597 1605 1636 opus
1637 1588 1705 1626 est
1734 1587 1827 1626 tam

269 1659 419 1707 peritis
452 1671 581 1708 quam
613 1662 682 1700 hic
714 1663 781 1700 est
812 1662 1063 1701 Scholiasta.

326 1735 440 1775 Crito
473 1747 572 1786 ergo
604 1738 687 1787 ille,
723 1748 851 1786 quem
883 1739 1010 1778 modo
1042 1739 1332 1788 nominabam,
1361 1738 1607 1786 Glycerium
1634 1737 1828 1786 agnoscit

267 1813 310 1850 et
350 1812 490 1851 civem
531 1814 724 1852 Atticam
767 1824 864 1853 eam
906 1825 1014 1864 esse,
1059 1815 1100 1853 id
1143 1815 1253 1863 quod
1294 1814 1398 1853 olim
1438 1814 1530 1862 ipse
1565 1823 1588 1852 e
1620 1812 1828 1862 Chryside

267 1887 442 1937 audivit,
491 1889 715 1938 Pamphilo
762 1891 920 1929 narrat.
970 1890 1028 1928 At
1070 1900 1155 1929 non
1196 1890 1330 1928 credit
1372 1888 1511 1927 Simo:
1544 1889 1828 1928 subornatum

266 1962 389 2001 illum
426 1963 643 2003 Critonem
675 1975 700 2003 a
730 1964 817 2004 filio
848 1966 973 2014 putat
1003 1966 1052 2004 ut
1083 1975 1159 2014 pro
1191 1965 1432 2004 Chremetis
1462 1963 1552 2003 filia
1582 1963 1829 2013 Glycerium

266 2039 397 2077 istam
429 2050 610 2079 uxorem
643 2040 800 2079 habere
831 2041 979 2089 possit.
1013 2041 1063 2079 In
1095 2039 1233 2079 filium
1267 2050 1366 2088 ergo
1397 2039 1640 2078 maledictis
1666 2038 1827 2078 invehi·
1868 2084 1874 2091 ὁ

266 2115 347 2164 tur,
392 2115 463 2163 qui
507 2116 785 2154 vehementer
825 2115 905 2154 hoc
947 2115 1127 2154 crimine
1168 2115 1390 2163 perculsus
1431 2114 1630 2153 flebiliter
1659 2115 1827 2163 patrem

266 2189 435 2238 placare
467 2191 624 2229 studet.
662 2190 802 2240 „Ego”
837 2191 912 2236 (ait
943 2201 1006 2230 vs.
1041 2191 1164 2236 896):

385 2265 472 2314 Ego
519 2276 589 2305 me
632 2276 778 2305 amare
820 2266 931 2305 hanc
971 2266 1130 2305 fateor:
1173 2265 1211 2304 si
1252 2265 1293 2303 id
1334 2265 1564 2314 peccarest,
1607 2263 1745 2303 fateor
1785 2263 1827 2302 id

1572 2341 1766 2388 [quoque.
1819 2348 1821 2350 ’

385 2417 489 2466 Tibi,
523 2418 656 2466 pater,
690 2427 761 2456 me
793 2417 911 2456 dedo.
946 2416 1114 2465 quidvis
1145 2416 1286 2455 oneris
1318 2416 1501 2464 impone,
1534 2415 1712 2463 impera.

385 2492 461 2530 Vis
487 2503 558 2530 me
585 2502 767 2531 uxorem
794 2492 977 2531 ducere?
1003 2492 1114 2530 hanc
1129 2491 1196 2530 vis
1212 2490 1417 2529 mittere?
1433 2491 1482 2528 ut
1498 2491 1657 2540 potero,
1675 2490 1824 2530 feram.

386 2567 478 2606 Hoc
509 2568 637 2606 modo
668 2568 712 2606 te
744 2568 930 2616 obsecro,
964 2568 1013 2606 ut
1039 2577 1092 2605 ne
1119 2566 1266 2605 credas
1293 2575 1318 2604 a
1343 2576 1414 2604 me
1442 2565 1688 2614 adlegatum
1713 2565 1827 2604 hunc

980 2688 982 2691 p
1577 2642 1742 2686 [senem
1756 2651 1772 2678 :-

389 2717 487 2755 Sine
518 2727 589 2755 me
621 2727 856 2765 expurgem
888 2718 1015 2766 atque
1046 2717 1170 2755 illum
1201 2716 1284 2754 huc
1316 2726 1460 2754 coram
1491 2716 1712 2754 adducam.

268 2793 349 2831 Hic
405 2792 747 2841 indignabundus
794 2794 914 2840 pater
964 2792 1174 2841 „adducas
1185 2792 1233 2829 ‘?'’
1282 2792 1416 2840 rogat,
1464 2789 1661 2838 filiusque
1707 2789 1824 2838 „sine

268 2869 431 2916 pater”.
480 2867 589 2905 Tum
632 2867 858 2906 Chremes:
905 2876 1111 2917 „aequom
1153 2866 1354 2914 postulat,
1399 2866 1452 2904 da
1482 2865 1696 2904 veniam”.
1729 2864 1824 2902 Iure

268 2943 506 2991 meritoque
545 2942 793 2982 Terentium
825 2942 894 2982 hic
924 2942 1070 2981 laudat
1103 2941 1364 2981 Scholiasta:
1402 2939 1667 2991 „Artificiose
1698 2939 1822 2987 inter-
