2002 3464
997 407 1079 446 110

254 529 418 568 Laudat
465 529 534 568 hic
580 530 671 569 eius
717 531 988 579 vigilantiam
1029 533 1383 582 prudentiamque
1419 534 1607 583 Antipho
1649 534 1812 575 duobus

253 605 418 644 verbis:
455 605 555 655 „Eu,
589 605 739 645 Geta.'’
772 606 882 645 Tum
914 617 1065 646 servus
1096 608 1158 647 sic
1188 610 1347 658 pergit:

1067 684 1148 723 Hic
1179 685 1516 734 pulcherrimum

341 757 524 796 Facinus
557 758 722 796 audivi:
756 759 899 807 itaque
930 769 1064 808 paene
1096 760 1236 799 hercle
1268 761 1510 800 exclamavi
1541 761 1708 810 gaudio.

253 832 436 871 Brevem
468 833 537 871 hic
569 833 833 873 scholiastae
860 834 1069 873 habemus
1097 836 1441 876 annotationem:
1474 820 1810 887 „Pulcherri-

252 918 393 946 mum
437 908 662 948 facinus
704 910 917 948 audivi:
962 910 1207 950 huiusmodi
1248 911 1363 951 locos
1404 913 1555 960 poetae
1597 913 1812 952 actoribus

252 983 484 1034 indulgent,
519 985 630 1032 quod
661 985 705 1023 in
735 985 803 1024 his
835 986 992 1024 actoris
1024 987 1090 1025 est
1122 987 1479 1027 commendatio.”
1534 992 1543 998 “

311 1059 459 1098 Nonne
491 1059 683 1108 legentes
714 1061 943 1100 admonere
975 1062 1144 1101 videtur
1174 1054 1223 1101 ut
1249 1062 1359 1101 hanc
1384 1064 1552 1112 partem
1578 1064 1659 1113 ipsi
1686 1074 1811 1114 agere

253 1137 490 1174 conentur?

311 1211 371 1249 Ib.
405 1212 503 1250 358.
532 1211 645 1250 Dum
671 1212 880 1261 Demipho
907 1223 1042 1257 senex
1069 1224 1168 1252 cum
1195 1214 1415 1253 advocatis
1442 1215 1586 1254 adstat
1602 1225 1810 1263 quaerens

251 1287 462 1334 quomodo
496 1287 670 1335 nuptiae
702 1288 799 1326 illae
831 1299 856 1327 a
887 1289 1144 1328 Phormione
1177 1289 1384 1329 conflatae
1416 1290 1599 1329 rescindi
1629 1290 1808 1340 possint,

250 1362 319 1400 hic
365 1362 455 1411 ipse
502 1373 600 1402 cum
647 1363 754 1403 Geta
800 1365 1094 1404 sermocinans
1139 1366 1318 1414 incedit3
1362 1366 1476 1405 clara
1518 1367 1665 1405 autem
1706 1376 1810 1405 voce

250 1437 437 1485 loquitur
477 1439 525 1477 ut
567 1449 592 1477 a
623 1449 725 1478 sene
758 1440 894 1478 audiri
924 1440 1072 1490 possit,
1107 1441 1256 1489 estque
1288 1451 1430 1480 sermo
1462 1441 1553 1480 eius
1584 1442 1809 1489 tamquam

250 1513 450 1552 mirantis
492 1515 535 1552 et
575 1514 838 1563 indignantis
879 1516 930 1554 ob
972 1516 1014 1554 id
1045 1517 1156 1564 quod
1186 1517 1313 1555 modo
1346 1527 1371 1555 a
1402 1516 1509 1555 Geta
1540 1517 1808 1566 cognoverit:

250 1599 405 1637 negare
448 1600 597 1628 senem
640 1592 868 1639 cognatam
911 1591 992 1630 sibi
1034 1601 1129 1630 esse
1170 1592 1394 1641 virginem,
1438 1602 1568 1640 quam
1601 1593 1753 1632 ducere
1785 1603 1810 1632 a

250 1664 458 1704 iudicibus
500 1665 687 1714 Antipho
729 1666 843 1705 filius
885 1667 977 1705 eius
1019 1668 1085 1706 est
1126 1669 1311 1717 coactuS,
1349 1667 1418 1706 vel
1449 1669 1600 1706 notum
1631 1667 1810 1716 virginis

248 1741 428 1787 patrem.
459 1741 566 1780 Sunt
593 1743 740 1780 autem
766 1742 897 1780 verba
924 1742 1016 1780 eius
1042 1742 1306 1791 lepidissime
1333 1741 1434 1782 ficta
1462 1743 1505 1781 et
1521 1742 1605 1782 alia
1622 1744 1665 1781 et
1681 1743 1808 1782 haec:

427 1816 532 1865 Quia
564 1827 694 1865 egens
725 1818 875 1856 relicta
907 1819 973 1856 est
1004 1818 1176 1867 misera,
1210 1818 1431 1866 ignoratur
1461 1828 1629 1868 parens,
1684 1857 1689 1859 .

425 1892 664 1940 Negligitur
695 1893 809 1941 ipsa:
843 1893 940 1932 vide
972 1893 1154 1932 avaritia
1186 1894 1286 1941 quid
1316 1894 1451 1932 facit?

247 1966 475 2015 Adscripta
520 1968 589 2006 hic
635 1970 701 2007 est
747 1969 967 2007 annotatio
1015 1969 1323 2017 cognatissima
1367 1968 1604 2007 narrationi
1649 1969 1711 2007 illi
1757 1969 1808 2008 de

247 2041 447 2081 Ambivio
466 2043 602 2082 ebrio:
635 2044 786 2092 „vide
819 2044 1070 2082 avaritia
1101 2044 1229 2092 quid
1261 2044 1424 2082 facit:
1453 2044 1807 2083 haecconversus

247 2117 300 2155 ad
332 2118 539 2172 circulum
572 2120 614 2157 et
647 2129 847 2158 coronam
881 2120 1256 2158 circumstantium
1288 2120 1391 2158 dicit
1422 2120 1465 2158 et
1493 2120 1806 2168 conqueritur.”

304 2193 380 2232 Ph.
415 2195 513 2233 935.
542 2195 591 2233 In
617 2196 810 2243 tempore
837 2195 1036 2243 cognovit
1062 2205 1154 2233 rem
1181 2195 1394 2244 Phormio,
1424 2205 1507 2242 qua
1533 2193 1807 2234 Chremetem

247 2272 439 2307 coercere
470 2270 618 2319 possit,
653 2271 690 2308 si
722 2270 792 2308 ille
824 2270 867 2308 in
899 2270 1129 2318 repetenda
1158 2270 1349 2319 pecunia,
1379 2279 1510 2317 quam
1535 2269 1807 2309 astutissima

245 2344 393 2382 fraude
439 2345 478 2383 ei
525 2345 697 2395 abrasit,
746 2346 875 2384 suerit
920 2345 1164 2384 molestior:
1208 2345 1361 2383 certior
1402 2345 1517 2383 enim
1558 2345 1698 2383 factus
1740 2346 1807 2384 est

246 2419 380 2468 illum,
425 2420 527 2458 dum
569 2421 752 2459 Athenis
793 2431 973 2459 uxorem
1015 2421 1203 2470 haberet,
1248 2430 1302 2458 ex
1345 2420 1479 2458 altera
1514 2430 1648 2459 uxore
1679 2420 1806 2459 Lesbi

244 2505 491 2543 procreasse
537 2494 684 2534 filiam.
733 2496 966 2535 Minitando
1014 2506 1112 2544 ergo
1159 2505 1205 2534 se
1250 2495 1353 2533 illud
1401 2495 1453 2533 ad
1494 2494 1805 2534 Atheniensem

245 2581 425 2610 uxorem
477 2571 719 2610 delaturum
771 2572 940 2620 quidvis
990 2582 1037 2610 se
1090 2571 1140 2610 ab
1183 2581 1231 2610 eo
1274 2571 1606 2620 impetraturum
1646 2572 1802 2620 sperat.

244 2645 412 2694 Vixque
443 2646 549 2685 haec
579 2646 731 2685 verba:

865 2721 974 2771 Quin
1003 2723 1052 2761 tu
1083 2721 1145 2760 mi
1177 2722 1404 2770 argentum
1437 2722 1538 2761 cedo

245 2796 409 2834 audivit
440 2806 539 2834 cum
570 2797 820 2845 respondet:

421 2872 561 2910 Immo
592 2882 694 2911 vero
725 2882 907 2911 uxorem
938 2873 986 2911 tu
1017 2872 1132 2911 cedO.

244 2946 361 2985 Haec
402 2948 612 2994 quomodo
655 2948 698 2986 in
740 2958 868 2986 scena
903 2948 1062 2986 fuerint
1093 2948 1189 2985 acta
1220 2947 1528 2997 ignoraremus,
1562 2946 1645 2985 nisi
1676 2946 1799 2985 habe-
