2002 3464
999 398 1080 438 128

256 525 465 574 scriptum
491 536 565 574 pro
594 527 791 564 autem.
820 526 930 564 Nam
958 526 1200 564 rectissime
1217 526 1345 566 habet
1371 527 1808 579 adverbialiter,

256 602 306 640 de
348 612 429 650 quo
470 601 797 640 Westerhovius
834 600 1057 639 dubitavit.
1091 601 1182 640 Hoc
1213 602 1328 640 enim
1360 602 1441 641 sibi
1472 603 1567 642 vult
1596 613 1684 643 vox
1713 602 1809 643 illa:

258 678 377 726 „Non
417 677 607 725 urgenda
645 677 776 716 verba
812 678 935 715 sunt:
968 676 1125 715 locutio
1157 677 1272 716 enim
1303 678 1409 717 haec
1440 680 1507 717 est
1538 689 1560 717 e
1592 678 1812 719 communi

254 763 452 792 sermone
483 753 753 791 hominum.''
1758 797 1766 805 ,

316 829 381 867 18.
415 818 569 877 ¹Quin
625 829 682 866 tu
728 838 832 866 uno
878 828 1046 866 verbo
1093 828 1193 874 dic]
1245 829 1367 877 „Una
1412 829 1628 868 sententia
1671 830 1721 868 ut
1765 829 1809 869 in

252 903 478 953 Adelphis:

697 990 845 1018 meum
878 979 981 1018 illud
1012 979 1192 1018 verbum
1223 980 1344 1030 facio,
1378 981 1488 1028 quod
1516 982 1579 1031 tu,
1613 980 1749 1031 Micio,

340 1055 455 1094 Bene
472 1066 521 1094 ac
538 1055 754 1104 sapienter
772 1055 880 1093 dixti
898 1055 1080 1094 dudum:
1099 1055 1255 1094 vitium
1273 1065 1500 1095 commune
1518 1057 1712 1096 omnium
1729 1057 1808 1107 est,
1879 1093 1881 1095 μ

341 1130 457 1179 Quod
490 1131 675 1169 nimium
707 1131 759 1169 ad
790 1141 883 1169 rem
915 1130 959 1168 in
991 1131 1166 1169 senecta
1197 1131 1353 1169 attenti
1384 1141 1548 1171 sumus.
1759 1172 1763 1175 ,

251 1206 362 1244 Nam
408 1206 523 1244 male
570 1206 772 1255 intelligit
815 1206 886 1254 qui
927 1207 1051 1255 putat
1083 1206 1390 1245 assimules
1420 1206 1650 1246 verbum
1681 1207 1808 1256 signi-

249 1280 419 1320 ficare.’‘
469 1281 676 1330 Corrupta
721 1282 940 1330 postrema
986 1283 1087 1321 sunt
1128 1282 1255 1329 atque
1297 1282 1359 1320 sic
1399 1282 1487 1321 fere
1520 1283 1808 1322 emendanda:

253 1366 381 1405 „nam
408 1357 522 1395 male
550 1357 751 1405 intelligit
778 1357 849 1405 qui
875 1358 999 1405 putat
1025 1357 1320 1396 assimiles
1337 1339 1516 1396 verbum
1534 1356 1808 1406 significari.”

249 1432 341 1471 Hoc
384 1433 499 1471 enim
540 1433 656 1471 vult:
694 1433 947 1482 „verbum
979 1432 1049 1471 hic
1081 1434 1147 1471 est
1178 1433 1488 1481 sententia;
1521 1433 1665 1481 itaque
1697 1433 1808 1482 inep-

248 1507 362 1546 tiunt
409 1508 479 1556 qui
523 1508 785 1547 contendunt
826 1508 1014 1555 aliquam
1047 1508 1307 1546 intercedere
1339 1508 1551 1547 rationem
1582 1508 1695 1548 inter
1729 1508 1810 1547 hoc

249 1594 352 1622 uno
385 1584 553 1623 verbo
586 1585 713 1632 atque
740 1584 843 1622 illud
871 1584 1187 1633 assimiles,
1217 1594 1299 1631 quo
1325 1594 1429 1622 mox
1457 1584 1574 1623 Simo
1601 1586 1679 1630 (vs.
1711 1585 1808 1631 141)

248 1670 404 1698 usurus
447 1660 555 1697 est.”
598 1659 707 1697 Nam
749 1658 883 1697 fuisse
922 1659 993 1707 qui
1024 1659 1068 1696 in
1100 1658 1351 1706 explicando
1382 1669 1486 1697 uno
1516 1659 1686 1698 verbo
1715 1660 1809 1699 tam

247 1736 389 1783 inepte
422 1735 652 1773 delirarent
683 1735 931 1783 proximum
958 1735 1080 1773 docet
1106 1734 1311 1784 scholion,
1340 1734 1412 1773 ubi
1438 1735 1479 1773 id
1496 1735 1639 1783 ipsum
1656 1734 1812 1774 dicitur

248 1811 358 1858 quod
389 1812 535 1849 nostro
569 1811 900 1849 condemnatur:
933 1810 1015 1849 ita
1046 1810 1276 1856 faciam]
1315 1810 1432 1859 „Hoc
1461 1811 1538 1860 est,
1567 1820 1653 1849 uno
1678 1810 1809 1849 verbo

247 1886 408 1934 dicam;
459 1887 501 1925 et
548 1887 658 1934 quod
703 1886 884 1925 verbum
931 1886 1146 1934 promittit
1193 1886 1250 1924 ibi
1296 1885 1419 1924 dicit:
1462 1885 1614 1925 Nunc
1653 1886 1808 1924 tuum

246 1961 507 2000 officium
540 1963 647 2011 est,
682 1962 780 2000 has
811 1962 948 2000 bene
980 1963 1038 2000 ut
1069 1962 1364 2000 assimiles
1396 1961 1669 2010 nuptias.”

306 2038 374 2076 37.
413 2037 610 2076 Eorum
659 2038 893 2086 obsequi
924 2038 1152 2083 studiis]
1201 2037 1375 2087 „Talem
1407 2047 1502 2076 esse
1533 2036 1808 2086 Pamphilum

246 2112 421 2150 adiuvat
462 2114 767 2160 argumentum
798 2113 979 2162 fabulae,
1013 2113 1143 2151 simul
1176 2114 1219 2151 et
1251 2111 1527 2151 Charinum.'’
1559 2112 1663 2151 Mire
1695 2112 1809 2151 dicta

244 2187 372 2235 haec;
407 2189 605 2236 corrupta
635 2190 783 2227 tamen
815 2199 900 2227 non
925 2189 1136 2226 videntur.
1164 2189 1256 2227 Hoc
1283 2188 1398 2226 enim
1424 2188 1518 2226 vult
1545 2187 1805 2226 Scholiasta:

249 2263 376 2311 „Mite
408 2263 512 2301 illud
544 2264 587 2302 et
619 2264 809 2302 clemens
835 2263 1049 2312 Pamphili
1076 2263 1295 2311 ingenium
1322 2264 1463 2301 totum
1490 2263 1658 2302 fabulae
1685 2273 1805 2312 argu—

244 2339 443 2376 mentum
475 2339 613 2377 reddit
643 2339 902 2387 verisimile;
936 2339 1066 2377 simul
1098 2339 1201 2377 illud
1233 2339 1420 2386 proderit
1450 2337 1655 2377 Charino:
1682 2338 1806 2378 facile

245 2414 360 2451 enim
392 2414 504 2452 inter
536 2414 642 2452 duos
674 2414 853 2453 iuvenes
884 2414 980 2453 rixa
1011 2414 1110 2452 oriri
1142 2413 1365 2462 potuisset,
1399 2413 1483 2452 nisi
1514 2414 1623 2452 alter
1657 2423 1806 2452 eorum

244 2490 337 2527 tam
369 2490 625 2528 mansuetus
656 2489 822 2528 fuisset.
1815 2472 1818 2475 ’

303 2565 372 2603 42.
416 2564 666 2623 Interea]
714 2565 910 2614 „Interea
952 2566 1030 2614 est,
1070 2575 1167 2603 cum
1199 2565 1329 2603 habet
1361 2564 1615 2604 instantiam
1646 2565 1803 2614 superi·
1856 2579 1859 2583 ¹

244 2650 366 2678 orum
399 2641 636 2679 actorum.”
669 2640 823 2688 Ecquis
855 2641 960 2678 haec
988 2639 1220 2688 intelligit?
1246 2641 1314 2679 An
1340 2640 1446 2679 haec
1473 2642 1539 2679 est
1565 2641 1802 2680 sententia:

214 2698 215 2701 Ἴ
243 2715 466 2754 interea
496 2717 591 2754 tum
623 2703 794 2763 ponitur
826 2726 924 2754 cum
956 2725 1068 2754 nova
1098 2725 1143 2753 re
1175 2715 1318 2754 oblata
1350 2715 1433 2765 ille,
1467 2707 1538 2764 qui
1565 2717 1692 2755 antea
1707 2715 1800 2765 fuit,

243 2800 386 2828 rerum
414 2790 617 2829 decursus
644 2791 785 2830 subito
813 2791 993 2840 sistitur,
1023 2801 1210 2838 moxque
1237 2791 1280 2828 in
1309 2791 1571 2829 contrarium
1588 2790 1804 2830 vertitur?

302 2867 371 2904 44.
419 2865 648 2915 „Chrysis”
693 2867 754 2905 sic
795 2867 883 2905 fere
916 2866 1155 2905 Scholiasta
1186 2866 1632 2917 loquiturd„omnibus
1662 2865 1802 2904 modis

243 2943 309 2978 est
340 2942 559 2989 purganda
591 2943 931 2990 excusandaque,
962 2942 1163 2989 quoniam
1195 2941 1438 2988 Glycerium
1467 2951 1684 2988 nunquam
1710 2939 1802 2978 fieri
