2002 3464
1015 382 1095 420 134

278 508 411 558 „Cum
457 507 594 556 possit
639 506 786 554 paucis
832 505 974 544 verbis
1015 504 1256 553 significare
1296 506 1547 555 Pamphilus
1578 506 1678 555 quid
1708 508 1830 556 pater

274 584 433 632 fecerit,
468 582 607 621 multa
640 581 855 620 consumit
886 580 1161 620 lamentando
1189 581 1239 620 de
1271 581 1385 620 illius
1417 582 1709 621 crudelitate.”

336 659 404 698 25.
498 657 578 696 Tot
603 667 674 695 me
700 656 940 705 impediunt
966 665 1091 694 curae
1118 666 1226 704 quae
1251 667 1398 696 meum
1421 657 1616 696 animum
1633 657 1830 697 divorsae

1555 732 1768 778 [trahuntz

496 809 641 857 Amor,
675 807 969 846 misericordia
1000 807 1139 856 huius,
1174 807 1420 856 nuptiarum
1452 807 1704 847 sollicitudo.

274 886 340 924 Ad
387 894 537 923 amor
583 884 834 922 annotatur:
886 893 937 932 „a
977 883 1261 933 necessario‚'’
1303 883 1394 933 hoc,
1429 884 1476 922 ut
1508 883 1666 933 opinor,
1700 893 1830 923 sensu

275 963 324 999 ut
364 960 524 999 amoris
566 960 632 998 vis
669 959 830 998 invicta
862 960 989 1007 atque
1020 959 1280 998 inevitabilis
1312 959 1488 998 dicatur.
1521 960 1587 999 Ad
1618 960 1828 999 miseri-

276 1036 487 1075 cordia:
516 1033 618 1085 „o'mb
645 1040 714 1073 τοῦ
742 1030 906 1085 αἰσίουξ’
936 1034 1048 1073 unde
1076 1035 1173 1086 sani,
1187 1034 1293 1073 nihil
1311 1015 1521 1083 extundo}
1540 1045 1676 1084 neque
1692 1034 1830 1075 multo

275 1112 494 1160 praestare
545 1110 715 1149 videtur
761 1110 896 1149 altera
940 1110 1066 1149 lectio
1113 1107 1190 1149 ἀπὸ
1236 1115 1305 1149 τοῦ
1353 1107 1474 1149 ὁσίου.
1520 1111 1638 1150 Haec
1682 1111 1831 1150 tamen

275 1188 491 1234 utcunque
533 1186 714 1234 intelligi
745 1187 909 1235 potest3
943 1186 1005 1225 sic
1035 1186 1145 1225 fere:
1183 1186 1291 1236 „Sed
1322 1187 1365 1224 et
1394 1186 1688 1226 misericordia
1717 1187 1831 1226 haud

276 1262 561 1311 spernendam
618 1262 708 1300 vim
765 1262 905 1311 habet,
963 1262 1174 1310 siquidem
1230 1272 1308 1300 nos
1359 1262 1532 1310 pietatis
1578 1261 1831 1311 constringit

275 1338 501 1376 vinculis.”
1459 1335 1462 1339 ’

337 1414 406 1453 34.
455 1412 844 1458 Constitutae]
898 1413 1017 1462 „Non
1064 1413 1181 1452 addit
1222 1423 1247 1452 a
1287 1415 1468 1463 patre,
1501 1415 1576 1453 sed
1607 1413 1828 1463 invidiose,

277 1489 400 1545 quasi
441 1490 484 1528 et
525 1500 550 1528 a
591 1488 814 1537 Pamphilo
846 1488 934 1527 sint
965 1489 1236 1528 constitutae.
1270 1489 1337 1528 An
1368 1489 1495 1528 timet
1526 1490 1569 1528 in
1600 1489 1770 1538 negotio
1781 1489 1830 1528 ‘3⁵’

276 1565 386 1604 Illud
417 1565 511 1603 sed
543 1565 693 1603 abesse
724 1564 899 1602 malim:
934 1564 1094 1602 etenim
1126 1574 1211 1603 non
1242 1564 1432 1604 addendo
1464 1575 1490 1603 a
1520 1566 1678 1614 patre
1708 1564 1830 1604 Pam-

276 1640 443 1689 philum
469 1650 634 1688 quoque
661 1640 838 1678 obscure
865 1640 1039 1678 accusat
1065 1639 1210 1688 Mysis.
1239 1639 1405 1678 Ultima
1430 1640 1515 1678 ista
1544 1650 1626 1689 „an
1645 1639 1772 1679 timet
1788 1639 1833 1679 in

276 1716 447 1765 negotio
458 1716 506 1754 ‘3⁹’
540 1715 639 1763 quid
670 1715 751 1753 sibi
782 1715 918 1753 velint
948 1725 1034 1753 non
1064 1714 1200 1753 video.

336 1793 390 1832 33
424 1802 486 1839 sq.
520 1791 698 1840 Mysidis
732 1791 863 1829 verba
900 1791 952 1829 ad
987 1790 1262 1839 Pamphilum
1294 1791 1399 1830 haec
1430 1792 1553 1830 sunt:
1587 1790 1832 1840 Glycerium

394 1867 577 1906 Laborat
609 1877 632 1905 e
663 1866 818 1915 dolore,
853 1867 981 1914 atque
1013 1876 1068 1905 ex
1098 1866 1178 1905 hoc
1209 1866 1369 1905 misera
1399 1866 1584 1906 sollicita
1614 1867 1681 1906 est
1711 1866 1778 1906 die

394 1942 500 1992 Quia
541 1942 644 1981 olim
681 1942 725 1981 in
756 1942 869 1980 hunc
900 1942 1002 1980 sunt
1034 1942 1293 1981 constitutae
1324 1942 1510 1991 nuptiae.
1544 1941 1654 1981 Tum
1685 1943 1832 1982 autem

1521 2018 1616 2064 [hoc
1645 2017 1773 2057 timet

391 2093 453 2133 Ne
485 2093 658 2132 deseras
689 2103 748 2132 se.

331 2170 473 2209 Hasce
504 2169 574 2208 1110
604 2169 814 2208 habemus
847 2169 1168 2208 annotationes:

333 2244 434 2284 Hic
475 2244 695 2293 nuptiis
737 2244 927 2283 dictus
969 2245 1055 2283 est
1096 2244 1228 2283 dies.
1272 2243 1401 2282 Tum
1428 2245 1637 2290 autem]
1675 2243 1831 2292 „Tum

273 2322 506 2370 praeterea.
550 2320 741 2359 Tertiam
783 2319 939 2358 habere
976 2319 1307 2358 sollicitudinem
1340 2318 1597 2368 Glycerium,
1631 2329 1684 2358 ne
1715 2319 1829 2358 dese-

271 2398 391 2436 ratur
423 2407 448 2435 a
478 2395 744 2444 Pamphilo.'’

332 2472 600 2511 Sollicita
631 2471 741 2517 est]
780 2470 1053 2520 „Sollicitudo
1085 2480 1229 2509 rerum
1260 2470 1522 2509 incertarum
1553 2470 1694 2519 magis
1720 2471 1829 2510 est.”

331 2547 475 2596 Quod
510 2547 563 2585 in
594 2547 737 2585 hunc
768 2546 937 2592 diem]
971 2545 1077 2595 „Hic
1104 2546 1257 2584 certior
1283 2546 1428 2584 metus
1456 2546 1522 2584 est
1548 2546 1591 2584 et
1616 2545 1828 2594 gravior.”

331 2622 444 2672 Quas
482 2622 760 2661 vehementer
792 2621 992 2661 confusas
1022 2621 1375 2670 perturbatasque
1408 2631 1503 2660 esse
1535 2630 1700 2659 censeo.
1733 2620 1829 2669 Ipse

270 2698 531 2737 scholiorum
563 2699 711 2736 auctor
742 2698 821 2736 1100
853 2697 1107 2746 praesertim
1135 2697 1283 2735 docere
1310 2696 1468 2735 voluit:
1496 2695 1828 2735 sollicitudinem

270 2783 366 2812 esse
397 2783 542 2812 rerum
574 2773 848 2822 incertarum,
882 2772 1085 2811 timorem
1117 2772 1343 2810 certarum.

329 2849 515 2888 35-40.
559 2848 907 2896 Indignabundus
949 2846 1200 2895 Pamphilus
1237 2846 1414 2895 Mysidis
1455 2846 1743 2895 suspicionem
1775 2845 1826 2884 de

269 2934 348 2963 sua
381 2924 588 2968 adversus
621 2923 865 2975 Glycerium
895 2921 1070 2976 perfidia
1102 2932 1127 2963 a
1158 2932 1203 2960 se
1235 2921 1373 2965 reiicit
1404 2920 1705 2962 exclamando:
