2002 3464
926 359 1007 396 199

295 485 460 525 Verum
491 485 535 524 te
566 484 648 524 hoc
678 492 834 522 moneo
867 492 1025 521 unum:
1059 481 1199 530 qualis
1231 482 1317 520 sim
1349 483 1517 522 amicus
1551 484 1628 522 aut

1338 559 1454 606 [quid
1485 559 1688 609 possiem,

293 636 444 676 Potius
477 646 608 685 quam
641 635 846 674 inimicus
876 633 1116 684 periculum
1147 634 1297 674 facias.

174 712 370 763 Qualis
417 712 523 751 sim
571 711 788 751 amicus
835 712 931 750 aut
978 710 1111 759 quid
1157 710 1396 759 possim]
1450 711 1520 759 „in
1565 711 1755 750 secunda

17 773 20 780 ⁵
113 768 115 771 ¹
173 788 367 829 oratione
400 788 574 828 Sallust
609 788 661 827 ad
694 787 973 836 Iugurtham:
1010 797 1140 836 „nam
1171 787 1263 825 vim
1296 787 1438 836 magis
1470 797 1602 836 quam
1628 787 1751 826 bene-

171 864 411 906 volentiam
446 864 633 914 experiri
664 864 886 903 mallem.”
920 863 1108 912 Legatur
1139 873 1242 902 neu
1273 874 1348 912 pro
1380 873 1517 903 nam.

230 989 280 1041 V,
315 990 355 1040 3,
391 991 428 1029 1.
524 989 686 1038 Edepol
719 999 773 1028 ne
805 998 952 1027 meam
985 988 1115 1027 herus
1148 998 1244 1027 esse
1276 998 1452 1038 operam
1484 989 1663 1038 deputat

1398 1066 1535 1114 [parvi
1566 1065 1690 1114 preti.

172 1143 294 1183 Sch.:
332 1143 541 1193 „deputat
571 1142 695 1191 parvi
727 1152 825 1181 eam
858 1141 931 1190 qui
958 1141 1138 1190 deputat
1165 1151 1263 1180 eam
1295 1141 1339 1180 in
1366 1152 1412 1180 re
1438 1141 1599 1180 nullius
1626 1126 1753 1190 pretii

171 1219 557 1260 consumendam.'’
616 1219 678 1257 Ne
730 1218 877 1257 nullus
924 1218 1029 1256 insit
1075 1227 1232 1256 56115115
1278 1218 1441 1257 56110110
1488 1228 1564 1267 pro
1611 1218 1751 1267 priore

172 1306 292 1358 eam
322 1295 418 1345 lege
449 1305 686 1344 operam.

234 1371 301 1411 12.
357 1371 476 1422 „Tua
521 1370 634 1419 quod
682 1370 792 1408 nihil
837 1370 981 1420 refert,
1028 1370 1272 1419 percontari
1318 1371 1520 1410 desinas’'
1567 1371 1750 1410 Bacchis

171 1449 340 1489 curioso
387 1447 621 1497 respondet
668 1457 806 1486 servo.
851 1446 1128 1486 Annotantur
1170 1447 1213 1485 et
1259 1446 1345 1485 alia
1386 1448 1429 1486 et
1471 1447 1600 1486 haec:
1638 1458 1750 1497 „me-

169 1526 320 1565 mento
366 1524 480 1564 hanc
526 1533 637 1573 esse,
683 1522 750 1562 cui
792 1523 836 1561 in
877 1522 1084 1572 principio
1117 1523 1224 1562 nihil
1257 1523 1463 1562 celaverit
1493 1523 1750 1563 Parmeno.'’

169 1601 332 1650 Utique
377 1611 478 1640 cum
519 1599 752 1648 Wielingio
782 1600 899 1648 lege:
937 1630 954 1649 „
975 1609 1157 1648 ...quae
1189 1600 1234 1638 in
1265 1600 1472 1649 principio
1504 1600 1612 1639 nihil
1645 1601 1751 1640 cela-

170 1677 284 1717 verit
339 1677 702 1716 Parmenonem.’'
750 1676 862 1715 Nam
910 1676 1004 1715 ideo
1050 1676 1277 1715 Bacchidis
1325 1677 1534 1716 adversus
1580 1677 1751 1716 Parme-

170 1763 332 1793 nonem
373 1755 600 1795 reticentia
641 1765 756 1794 nunc
798 1754 928 1793 habet
970 1754 1082 1802 quod
1113 1754 1405 1803 spectatorem
1437 1754 1622 1794 delectet
1653 1755 1754 1803 quia

172 1829 277 1869 olim
309 1830 450 1870 eidem
484 1831 631 1871 omnia
661 1841 771 1880 quae
802 1831 974 1879 rogaret
1005 1830 1259 1869 narraverit.

657 2088 741 2128 AD
789 2088 1259 2128 PHORMIONEM.

849 2217 1084 2247 PROLOGUS.

233 2316 259 2355 4
287 2326 379 2365 sqq.
474 2316 554 2366 Qui
585 2316 647 2356 ita
677 2316 860 2367 dictitat,
894 2327 1002 2365 quas
1034 2317 1219 2356 antehac
1249 2316 1352 2356 fecit
1383 2315 1552 2355 fabulas

473 2391 608 2432 Tenui
640 2402 736 2431 esse
768 2393 961 2432 oratione
994 2395 1038 2432 et
1068 2392 1283 2442 scriptura
1314 2392 1412 2442 levi,
1531 2374 1535 2376 ἡ

473 2467 580 2518 Quia
611 2479 827 2518 nusquam
859 2469 1065 2508 insanum
1097 2469 1272 2518 scripsit
1303 2469 1674 2508 adolescentulum

473 2543 656 2584 Cervam
688 2546 834 2585 videre
865 2546 1026 2596 fugere,
1060 2546 1219 2586 sectari
1246 2556 1387 2596 canes,

471 2621 525 2661 Et
556 2631 654 2661 eam
685 2622 865 2673 plorare,
899 2633 1033 2673 orare,
1068 2624 1118 2662 ut
1148 2622 1379 2662 subveniat
1414 2622 1509 2662 sibi.

173 2696 442 2737 Annotatur:
490 2697 609 2747 „ideo
650 2698 849 2739 videmur
890 2699 1009 2738 leves
1050 2700 1301 2749 tenuesque,
1346 2699 1497 2749 inquit,
1532 2699 1633 2747 quia
1664 2709 1750 2739 non

173 2773 218 2812 in
261 2773 482 2813 comoedia
523 2775 716 2824 prodigia
755 2776 872 2816 facta
903 2778 1006 2815 sunt
1037 2777 1081 2815 et
1113 2776 1357 2825 tragoedias
1390 2775 1749 2815 concitavimus.'’

172 2848 392 2889 Eiicienda
424 2850 573 2898 opinor
604 2851 624 2890 f
632 2853 758 2891 acta
789 2853 934 2892 sunt.

237 2926 303 2964 13.
337 2926 703 2967 Lacessisset
734 2928 911 2978 prior]
951 2930 1052 2979 „aut
1084 2928 1431 2969 lacessisset
1458 2927 1648 2966 abundat
1673 2929 1750 2968 aut
