2002 3464
968 386 1024 424 59

209 510 379 550 retinet.
428 510 590 559 „Volo”
630 509 706 555 (ait
747 509 819 548 ille
860 521 924 549 vs.
970 511 1069 555 764)
1117 521 1220 559 „ego
1262 511 1414 549 adesse
1446 509 1516 548 hic
1547 509 1780 548 advocatos

209 586 333 625 nobis
374 585 419 625 in
460 585 587 625 turba
627 585 750 624 hac.”
794 586 1053 625 Rectissime
1096 587 1276 625 annotat
1319 585 1582 625 Scholiasta:
1630 583 1780 634 „quasi

209 661 357 701 minus
387 661 543 701 timeat
574 661 735 710 cupio
767 672 853 700 non
885 661 1024 710 inquit
1055 662 1130 701 sed
1162 662 1331 701 volo.'’

268 737 447 787 Iamque
487 738 710 785 tamquam
756 737 809 776 ad
852 738 988 776 testes
1030 738 1310 777 arcessendos
1347 737 1542 777 abiturus
1577 737 1781 776 omitte

209 813 382 863 clamat,
421 823 444 852 e
476 822 558 862 quo
589 812 720 852 verbo
753 814 931 862 apparet
962 823 1095 852 manu
1128 824 1228 853 eum
1261 825 1286 853 a
1317 814 1479 854 Thaide
1510 812 1698 862 retineri,
1733 813 1782 852 ut

208 889 326 930 recte
358 888 600 930 Scholiasta
631 889 767 929 docet.

509 964 604 1014 „Nil
635 975 743 1015 opus
775 966 843 1004 est
869 965 967 1005 istis
994 965 1229 1005 Chremes’'
1264 967 1326 1006 ait
1352 966 1426 1006 illa
1452 969 1530 1012 (vs.
1561 966 1645 1005 765
1674 967 1780 1014 sqq).

297 1041 391 1082 Hoc
421 1042 549 1082 modo
581 1041 660 1092 dic,
694 1052 888 1082 sororem
921 1052 1017 1081 esse
1050 1042 1171 1081 illam
1203 1043 1327 1082 tuam
1359 1043 1403 1082 et
1434 1043 1478 1082 te
1509 1052 1691 1092 parvam

1551 1117 1780 1167 [virginem
1807 1160 1810 1163 ,

275 1175 526 1245 amisisse,
561 1205 675 1234 nunc
706 1204 926 1245 cognosse,
961 1194 1087 1243 signa
1118 1195 1309 1234 ostende.
1729 1247 1732 1253 ¹

207 1269 437 1320 Egregiam
468 1270 538 1310 hic
564 1271 776 1310 habemus
803 1270 1069 1310 Scholiastae
1097 1271 1446 1310 annotationem:
1479 1271 1612 1320 „haec
1638 1271 1785 1310 omnia

209 1347 274 1387 sic
302 1346 621 1397 pronuntianda
651 1348 701 1386 ut
732 1347 776 1386 et
807 1347 923 1386 iusta
954 1348 997 1386 et
1028 1347 1146 1387 factu
1178 1347 1322 1386 facilia
1353 1347 1624 1386 videantur.”

268 1424 441 1463 Interea
471 1423 653 1472 Pythias
684 1424 970 1463 monumenta
1002 1423 1076 1462 illa
1107 1434 1182 1472 per
1214 1424 1353 1462 totam
1381 1423 1560 1462 domum
1588 1423 1785 1472 quaesita

209 1500 336 1541 affert
377 1501 422 1540 et
463 1498 682 1540 Chremeti
725 1499 868 1539 tradit.
904 1500 986 1539 Sed
1018 1510 1071 1539 ne
1103 1499 1167 1539 sic
1199 1500 1372 1549 quidem
1404 1501 1582 1549 paratus
1614 1500 1686 1539 ille
1718 1501 1786 1539 est

186 1578 263 1617 >ad
303 1577 492 1616 militem
524 1577 719 1616 animose
753 1577 1108 1626 exspectandum.
1142 1576 1236 1616 Hac
1268 1577 1402 1616 etiam
1435 1577 1474 1616 ei
1507 1576 1683 1615 Thaidis
1715 1576 1782 1615 ad-

209 1653 447 1694 monitione
474 1664 581 1703 opus
609 1655 698 1693 est:
721 1653 898 1703 „attolle
915 1653 1148 1702 pallium”:
1168 1653 1240 1702 qui
1258 1653 1375 1692 enim
1392 1653 1558 1692 otiosus
1576 1653 1783 1702 ambulat,

211 1730 304 1770 eius
330 1729 512 1780 pallium
539 1730 592 1769 ad
618 1730 749 1779 pedes
777 1731 845 1769 est
871 1729 1134 1778 demissum3
1165 1739 1264 1768 cum
1292 1730 1405 1768 seria
1431 1740 1500 1768 res
1528 1730 1595 1768 est
1621 1729 1787 1778 agenda

211 1805 436 1846 attollitur.
465 1804 543 1845 Cui
570 1806 855 1845 admonitioni
882 1806 994 1844 hanc
1019 1805 1207 1855 lepidam
1226 1805 1300 1844 illa
1317 1805 1436 1850 addit
1453 1805 1795 1853 querimoniamz·

243 1880 245 1883 ’
299 1881 424 1932 Perii,
458 1882 559 1921 huic
590 1881 673 1931 ipsi
705 1892 812 1931 opus
838 1883 906 1922 est
931 1883 1124 1931 patrono,
1154 1892 1283 1930 quem
1310 1882 1581 1921 defensorem
1608 1891 1724 1930 par0.

757 2200 904 2239 Acrus
937 2198 996 2238 IV
1028 2199 1172 2238 SGENA
1206 2199 1244 2238 7.

272 2343 367 2383 Iam
398 2343 522 2383 adest
552 2343 680 2383 miles
712 2354 812 2383 cum
845 2343 1072 2383 Gnathone
1104 2342 1403 2392 ministrisque
1431 2354 1539 2392 quos
1566 2341 1787 2391 copiarum

213 2420 351 2459 instar
396 2420 584 2459 instruat
629 2419 673 2458 vi
721 2420 1048 2469 expugnaturus
1095 2418 1271 2458 Thaidis
1318 2419 1446 2458 aedes
1488 2419 1787 2467 virginemque

214 2496 451 2554 erepturus.
494 2496 610 2535 Nihil
651 2507 843 2545 unquam
885 2495 1114 2535 venustius
1155 2495 1366 2544 scriptum
1409 2496 1477 2534 est
1518 2505 1648 2543 quam
1681 2494 1788 2541 haec

214 2573 317 2612 sunt
347 2571 499 2611 ludicri
525 2572 799 2621 imperatoris
826 2582 986 2621 magna
1011 2572 1145 2611 verba
1170 2572 1414 2620 minaeque.
1445 2571 1621 2621 Singula
1647 2581 1786 2620 perse-

215 2658 410 2697 quamur.
443 2647 517 2687 Vs.
551 2648 660 2687 771:

334 2723 530 2763 Hancine
557 2734 634 2773 ego
660 2726 710 2763 ut
736 2724 1046 2764 contumeliam
1068 2725 1161 2763 tam
1179 2723 1395 2773 insignem
1413 2724 1457 2762 in
1474 2734 1545 2762 me
1563 2723 1787 2772 accipiam,‘

1510 2798 1728 2845 [Gnatho?

216 2877 266 2916 In
307 2876 519 2916 eiusmodi
561 2876 967 2926 interrogationibus
1010 2887 1097 2915 vox
1128 2877 1187 2914 ut
1219 2886 1317 2914 eam
1349 2875 1440 2913 vim
1473 2874 1603 2913 habet
1634 2875 1683 2913 ut
1715 2874 1786 2913 ali—

216 2952 312 3003 quis
345 2962 444 2992 cum
476 2952 597 3003 gravi
629 2952 922 3004 indignatione
949 2938 1125 3004 respuat
1152 2951 1408 3001 abiiciatque
1436 2950 1546 3001 quod
1574 2950 1626 2990 ab
1654 2950 1788 2990 altero
