2002 3464
923 361 1002 399 127

176 487 262 528 Ubi
305 488 426 539 prius
466 488 577 528 illud·
610 488 664 527 et
705 487 993 527 abiiciendum
1025 498 1121 527 esse
1152 488 1304 537 putare
1336 487 1445 526 noli:
1480 488 1601 527 amat
1632 487 1750 526 enim

176 565 356 605 huiusce
385 564 564 605 voculae
594 557 897 613 repetitionem
923 564 1134 603 bonorum
1161 564 1424 603 scholiorum
1451 563 1645 613 scriptor.
1674 563 1751 603 Est

178 651 279 691 ergo
311 641 374 681 ad
404 639 737 680 hoc=todtov
772 637 899 690 ἕνεκα,
932 641 975 679 et
1007 640 1069 679 ita
1100 650 1228 689 saepe
1261 639 1306 679 in
1337 640 1527 680 scholiis.

231 718 278 778 β.
314 715 530 767 „coquina
559 716 800 755 medicinae
826 716 1082 755 famulatrix
1109 716 1218 755 est.”
1247 716 1554 765 Recipiendam
1581 716 1749 755 variam

177 794 407 835 lectionem
448 792 743 832 adulatrix
786 795 874 841 (pro
916 792 1272 838 famulatrix)
1317 792 1461 831 addito
1494 794 1750 842 argumento

177 869 268 911 dixi
297 879 338 920 p.
374 869 471 909 117.

236 947 276 987 ’7.
307 945 375 986 Ad
406 946 680 994 exspecto
713 945 842 994 quid
875 945 1024 984 velis
1050 945 1242 994 primum
1269 947 1502 985 annotatur
1529 955 1750 994 exspec-

175 1023 298 1062 tare
345 1031 442 1061 esse
488 1021 834 1060 desiderare.
883 1021 1044 1060 Deinde
1093 1022 1145 1060 ad
1193 1021 1323 1070 quid
1370 1022 1541 1061 velis:
1595 1021 1752 1071 „Deest

169 1091 197 1139 's
211 1098 348 1138 cire:
376 1108 480 1137 nam
502 1097 541 1137 si
557 1098 742 1137 dixisset
759 1098 902 1146 quod
928 1108 955 1136 v
969 1097 1079 1136 elis
1096 1098 1203 1136 nihil
1221 1098 1551 1137 desiderasset’'.
1570 1098 1753 1147 Egregia

174 1175 254 1214 esti
283 1174 577 1214 Westerhovii
619 1173 866 1213 emendatio
907 1183 983 1223 pro
1027 1173 1176 1213 scire
1208 1174 1350 1223 legere
1382 1173 1570 1213 iubentis
1603 1175 1752 1213 scire

173 1261 268 1294 me.
311 1250 433 1290 Nunc
475 1250 527 1289 de
565 1249 720 1289 ceteris
752 1249 992 1299 videamus,
1028 1260 1136 1298 quae
1169 1251 1370 1299 corrupta
1401 1251 1504 1299 quin
1536 1250 1625 1289 sint
1656 1250 1753 1299 quis

175 1327 375 1368 dubitet?
421 1327 630 1377 Equidem
677 1328 821 1367 totum
869 1327 973 1366 illud
1016 1327 1413 1366 desiderasset
1455 1328 1507 1366 ab
1540 1327 1752 1367 oscitante

174 1403 348 1444 librario
389 1414 412 1443 e
453 1404 593 1453 priore
631 1404 910 1443 annotatione
946 1403 1031 1442 huc
1062 1404 1252 1442 tractum
1285 1395 1483 1453 suspicor
1510 1414 1671 1453 proque
1703 1414 1753 1443 eo

174 1479 406 1530 legendum
436 1480 669 1519 deesset
689 1476 730 1526 ¹).
765 1480 874 1520 Tota
905 1481 1054 1519 autem
1086 1490 1173 1519 non
1203 1479 1361 1519 Donati
1393 1481 1469 1519 sed
1501 1479 1636 1529 inepti
1662 1490 1750 1519 ma-

157 1555 336 1606 ⁴gistelli
367 1557 435 1596 est
466 1556 703 1596 annotatio.

239 1633 306 1673 13.
339 1633 497 1673 Haud
522 1634 674 1673 muto
701 1633 929 1672 factum.
958 1633 1019 1672 De
1045 1632 1168 1672 varia
1192 1633 1377 1672 lectione
1404 1634 1547 1673 haud
1574 1634 1751 1673 multo

174 1709 391 1749 factum
421 1709 529 1749 haec
560 1710 846 1749 annotantur:
884 1709 1003 1759 „Hoc
1035 1711 1102 1748 est
1134 1709 1305 1759 damno,
1334 1710 1611 1759 reprehendo,
1641 1710 1753 1758 quod

175 1785 215 1826 si
245 1787 325 1836 est,
358 1785 423 1825 sic
453 1785 767 1835 intelligeretur
798 1795 884 1824 non
916 1785 1077 1825 nollem
1108 1785 1318 1841 factumst
1346 1786 1428 1825 Hic
1452 1786 1534 1826 sic
1560 1786 1752 1835 positum

177 1873 253 1912 pro
298 1862 389 1902 vel
435 1862 538 1912 sic,
583 1862 666 1901 sic
708 1872 948 1911 quoque:
992 1862 1140 1910 utique
1173 1862 1290 1901 enim
1323 1863 1570 1912 opinionem
1603 1873 1753 1902 eorum

176 1938 335 1979 falsam
376 1949 473 1978 esse
513 1938 708 1978 Donatus
749 1939 884 1988 docet,
924 1937 997 1987 qui
1029 1939 1082 1977 ad
1113 1938 1255 1988 legem
1288 1939 1339 1978 de
1372 1939 1555 1988 ingratis
1586 1939 1752 1979 libertis

177 2015 222 2055 in
262 2014 521 2056 servitutem
556 2015 828 2054 retrahendis
861 2014 993 2054 alludi
1025 2014 1095 2053 hic
1125 2016 1292 2064 putent.
1328 2015 1552 2064 Sequitur:
1590 2015 1752 2066 „Nemo

177 2091 295 2131 enim
334 2092 479 2142 potest
518 2091 684 2131 factum
726 2091 935 2130 infectum
973 2091 1133 2130 redere.
1169 2091 1251 2130 Sed
1283 2092 1586 2131 adverbialiter
1618 2092 1751 2131 dixit:

177 2169 227 2208 ut
273 2167 457 2208 dicimus
502 2168 713 2207 nollem
759 2167 780 2206 f
790 2168 999 2218 actum,
1048 2167 1210 2207 nollem
1251 2168 1336 2207 huc
1379 2168 1591 2208 exitum.’'
1634 2168 1754 2207 Haec

177 2254 315 2293 neque
346 2244 459 2284 inter
489 2254 537 2283 se
568 2254 706 2292 neque
739 2254 839 2283 cum
869 2245 1226 2293 praecedentibus
1253 2245 1506 2284 cohaerent:
1535 2245 1754 2294 pertinent

177 2319 294 2360 enim
336 2320 389 2359 ad
424 2320 656 2360 lectionem
687 2320 831 2360 haud
863 2320 1015 2360 muto
1047 2321 1286 2369 factum;
1322 2321 1474 2360 deinde
1506 2321 1651 2360 nullus
1682 2321 1753 2360 hic

177 2397 245 2436 est
270 2396 390 2436 locus
417 2396 706 2437 coniunctioni
733 2396 893 2436 enim.
924 2396 1083 2446 Opinor
1105 2397 1209 2436 011111
1227 2397 1297 2436 1110
1318 2419 1366 2423 —
1388 2397 1430 2436 id
1447 2397 1559 2446 quod
1576 2407 1751 2436 sexcen-

176 2473 260 2512 ties
301 2472 466 2512 factum
497 2473 696 2512 videmus
729 2495 783 2498 —
817 2473 970 2512 multis
1003 2473 1147 2512 verbis
1179 2474 1413 2523 repetitum
1445 2474 1487 2512 id
1520 2474 1631 2522 quod
1663 2474 1752 2512 iam

177 2549 342 2588 dictum
384 2550 477 2588 erat
516 2549 635 2588 brevi
677 2550 806 2598 atque
839 2549 1026 2598 eleganti
1058 2550 1244 2589 scholio:
1277 2550 1432 2589 Haud
1465 2551 1617 2589 muto
1650 2550 1670 2589 f
1677 2560 1702 2589 a
1714 2558 1751 2589 0-

177 2627 308 2671 tum]
361 2624 590 2675 „Venuste,
638 2635 724 2665 non
770 2635 842 2664 me
883 2625 1128 2674 poenitet'';
1162 2626 1376 2666 excidisse
1409 2628 1556 2666 autem
1588 2627 1753 2665 lemma

176 2701 333 2741 Haud
364 2702 515 2740 muto
546 2701 759 2741 factum
788 2712 887 2741 curn
915 2701 1120 2751 longioris
1147 2702 1300 2741 scholii
1327 2702 1472 2751 initio;
1491 2704 1586 2742 tum
1605 2703 1751 2762 enirn

215 2887 238 2922 ι)
258 2887 374 2916 Sciant
402 2887 458 2921 qui
486 2887 762 2917 commentarium
790 2888 911 2918 edituri
940 2889 994 2918 vel
1014 2888 1224 2918 emendaturi
1244 2889 1316 2919 sint
1334 2888 1465 2918 nullum
1486 2895 1560 2918 esse
1580 2889 1616 2918 in
1635 2896 1673 2918 eo
1693 2888 1752 2918 fre-

179 2941 338 2976 quentius
358 2940 482 2970 vitium
502 2948 603 2976 quam
620 2941 686 2973 hoc
702 2941 943 2972 vocabulorum
963 2942 1075 2978 inepte
1095 2950 1112 2972 e
1131 2942 1256 2972 vicinia
1274 2943 1502 2979 repetitorum.
