2002 3464
960 365 1014 406 61

260 488 444 537 Nomine
490 494 681 535 evocatis
721 493 936 533 ministris
978 486 1235 542 quibusdam
1278 493 1384 532 haec
1425 492 1543 532 addit
1583 492 1769 532 Thraso:

205 573 335 622 „cedo
366 572 516 612 alios.”
549 571 808 611 Rectissime
841 569 1083 609 Scholiasta
1113 569 1337 608 observat:
1375 578 1485 618 „non
1517 567 1772 617 reliquos

201 649 324 699 dixit,
357 641 434 688 sed
465 629 612 688 alios
644 647 767 695 quasi
799 645 928 685 multi
960 646 1091 684 sint.'’

261 724 460 764 Graviter
499 723 551 763 ab
593 723 853 772 imperatore
885 731 963 760 suo
994 721 1229 770 increpitus
1263 721 1405 770 Sanga
1438 720 1630 760 centurio
1662 720 1773 769 quod

200 808 278 851 pro
307 801 448 851 gladio
479 799 726 849 peniculum
758 797 966 847 attulerit,
1000 797 1230 846 respondet
1263 801 1341 843 (vs.
1371 797 1456 837 778
1489 800 1591 846 sq.):

319 864 495 926 Egone?
526 875 800 924 imperatoris
831 874 1042 913 virtutem
1073 883 1281 913 noveram
1314 875 1358 913 et
1388 875 1480 913 vim
1511 874 1727 913 militum:
1795 878 1797 881 “

319 952 420 992 Sine
445 952 655 1001 sanguine
681 951 762 990 hoc
784 961 869 990 non
885 961 1012 1000 posse
1028 949 1143 990 fieri:
1163 949 1235 999 qui
1252 950 1546 999 abstergerem
1562 949 1774 989 vulnera?

200 1029 396 1078 Languet
436 1028 527 1077 qui
569 1028 961 1076 abstergerem
998 1026 1238 1066 vulnera
1269 1026 1307 1065 si
1338 1028 1565 1075 tamquam
1598 1027 1772 1065 interro-

200 1105 421 1155 gationem
462 1105 711 1153 accipimus,
757 1103 894 1153 Quare
937 1113 1014 1152 ego
1056 1103 1119 1142 sic
1156 1103 1419 1151 acceperim:
1457 1102 1629 1151 „[attuli
1659 1102 1773 1152 peni-

200 1177 362 1228 c‘ul'um]
406 1180 479 1230 qui
521 1182 593 1227 (=
607 1181 658 1220 ut
698 1183 761 1226 eo)
795 1179 1087 1228 abstergerem
1119 1178 1342 1218 vulnera.”
1377 1173 1458 1218 Sed
1496 1179 1576 1218 hoc
1607 1181 1774 1227 quoque

197 1257 497 1297 >duriusculum
529 1257 640 1305 quod
672 1266 938 1295 noveram
965 1255 1156 1304 primum
1183 1255 1350 1294 obiecta
1376 1255 1507 1294 habet
1533 1255 1576 1294 in
1603 1265 1774 1294 accusa-

200 1333 304 1384 tivo,
332 1332 497 1383 deinde,
526 1333 620 1372 si'n'e
645 1332 735 1372 ulla
762 1331 1073 1382 coniunctione,
1102 1332 1147 1370 in
1165 1331 1412 1371 accusativo
1431 1341 1530 1370 cum
1547 1330 1773 1370 infinitivo.

260 1408 492 1450 Instructis
533 1409 666 1459 copiis
707 1409 799 1458 ipse
841 1409 1076 1458 imperator
1118 1408 1199 1447 sibi
1242 1408 1362 1457 eligit
1402 1408 1544 1447 locum
1586 1408 1775 1457 periculo

201 1496 403 1527 vacuum.
449 1486 597 1535 Neque
642 1485 789 1525 minus
834 1507 884 1513 -—
930 1486 974 1523 et
1015 1486 1083 1524 est
1123 1483 1230 1523 haec
1270 1484 1340 1523 vel
1381 1485 1580 1524 maxima
1620 1495 1775 1523 scenae

201 1563 411 1602 venustas
454 1585 508 1590 —
551 1561 624 1601 illo
665 1561 825 1601 metuit
866 1561 958 1600 eius
1000 1560 1275 1600 adversarius
1308 1559 1526 1600 Chremes.
1562 1560 1631 1600 Sic
1662 1561 1776 1599 hunc

203 1637 458 1679 confirmare
489 1639 636 1678 studet
667 1638 799 1678 Thais
832 1639 931 1684 (785
965 1640 1067 1686 sq.):

322 1715 434 1755 Sane
451 1715 562 1764 quod
578 1714 656 1754 tibi
673 1724 786 1753 nunc
798 1714 865 1752 vir
876 1714 1075 1752 videatur
1092 1723 1188 1752 esse
1205 1713 1286 1763 hic,
1307 1712 1462 1753 nebulo
1479 1724 1666 1763 magnus
1684 1715 1774 1753 est:

322 1791 384 1830 Ne
415 1791 601 1830 metuas.
1140 1828 1145 1835 ,

203 1867 298 1908 Non
338 1876 446 1917 opus
486 1867 670 1916 Bentleji
713 1867 959 1906 coniectura
990 1866 1153 1914 qui...
1191 1858 1421 1905 videtur
1453 1876 1527 1915 pro
1561 1866 1774 1914 quod...

203 1943 483 1984 videatur.
516 1943 623 1983 Vide
655 1943 791 1992 ipsius
823 1942 1007 1990 Bentleji
1040 1942 1366 1982 annotationem
1399 1943 1451 1981 ad
1484 1952 1547 1981 vs.
1586 1942 1711 1981 1064.

264 2019 466 2069 Sequitur
497 2020 597 2066 (786
630 2022 732 2068 sq.):

323 2092 374 2136 A.
409 2095 515 2146 Quid
549 2096 750 2135 videtur?
780 2095 828 2135 Β.
857 2095 1053 2134 Fundam
1079 2095 1158 2134 tibi
1185 2105 1300 2134 nunc
1326 2095 1458 2134 nimis
1485 2095 1644 2135 vellem
1672 2096 1775 2145 dari,

322 2165 384 2213 Ut
408 2173 458 2212 tu
483 2171 581 2211 illos
606 2172 753 2221 procul
780 2171 880 2210 hinc
907 2182 963 2210 ex
980 2171 1146 2210 occulto
1165 2172 1387 2211 caederes:
1406 2172 1598 2211 facerent
1614 2171 1776 2221 fugam.

206 2248 390 2299 Quinam
421 2249 492 2288 hic
523 2248 856 2297 colloquuntur?
886 2247 1150 2287 Scholiasta:
1188 2248 1341 2297 „miles
1369 2249 1412 2286 et
1438 2248 1684 2297 parasitus”
1703 2248 1776 2298 ait,

205 2325 332 2374 idque
372 2324 511 2375 lepide
551 2324 764 2364 defendit:
813 2323 950 2373 „Nam
981 2324 1121 2373 primo
1153 2323 1245 2373 ipse
1277 2324 1495 2373 praecedit
1525 2325 1675 2373 utpote
1706 2324 1779 2372 qui

206 2401 320 2440 dicat
361 2400 683 2450 sequimini.
721 2399 835 2439 Dum
867 2400 1050 2448 denique
1080 2400 1255 2449 propius
1287 2400 1522 2439 deventum
1554 2401 1622 2439 est
1652 2401 1780 2449 post

205 2477 492 2527 principia
517 2477 648 2517 refert
673 2478 840 2526 pedem.
869 2477 973 2516 Post
998 2477 1088 2516 iarn
1115 2476 1207 2525 ipse
1234 2476 1340 2515 nihil
1369 2477 1498 2516 audet
1519 2477 1595 2516 sed
1612 2477 1780 2526 quaerit

207 2552 436 2593 consilium
464 2553 644 2603 parasiti
676 2552 820 2602 (quid
851 2552 1139 2598 videtur?).
1168 2551 1359 2600 Denique
1386 2553 1458 2591 ubi
1486 2553 1682 2592 cominus
1710 2548 1779 2592 res

207 2629 394 2679 gerenda
424 2630 492 2668 est
522 2628 633 2668 dixit
663 2639 821 2668 mane
853 2629 896 2667 et
928 2628 1120 2667 continet
1150 2628 1376 2667 irruentes.
1411 2628 1477 2667 Ad
1507 2630 1779 2678 postremum

208 2705 374 2746 diffisus
399 2706 539 2745 nescit
564 2706 664 2754 quid
692 2706 815 2755 agat:
844 2705 897 2744 ad
915 2704 1156 2754 parasitum
1173 2706 1375 2754 spectans
1402 2705 1532 2754 quid
1560 2706 1782 2755 agimus,

208 2783 390 2832 inquit.’'
422 2777 547 2822 Alius
578 2791 673 2821 esse
706 2781 948 2823 Scholiasta
979 2780 1162 2830 videtur,
1196 2781 1269 2829 qui
1301 2781 1483 2820 eandem
1515 2782 1779 2821 sententiam

209 2859 399 2900 defendit
429 2859 510 2898 hoc
536 2859 814 2907 argumento:
846 2868 958 2907 „non
985 2858 1248 2897 conveniunt
1274 2857 1359 2897 ista
1385 2858 1626 2897 meretricis
1654 2859 1779 2898 dictis

209 2935 542 2986 superioribus”
586 2934 662 2973 Ille
702 2936 850 2973 tamen
892 2934 1071 2973 dubitat.
1094 2935 1323 2982 Equidem
1360 2945 1445 2973 non
1482 2934 1628 2974 dubito
1661 2935 1775 2985 quin,
