2002 3464
917 406 999 444 133

167 528 264 569 Vis
308 529 663 583 vindicaturi
703 530 827 569 nihili
859 532 938 570 est.
973 531 1108 580 Lego:
1146 541 1226 580 „ne
1259 531 1436 570 amittat
1466 531 1571 580 vim,
1606 531 1739 570 vindi-

169 606 345 645 caturus
375 606 414 645 si
444 605 681 645 rescierit.’‘

231 682 298 721 16.
330 681 463 721 Nam
493 682 634 731 quod
667 683 910 722 antehac
942 683 1107 729 fecit]
1140 692 1241 733 „pro
1269 684 1534 733 antehac,
1565 693 1737 722 consue-

166 757 315 796 tudine
361 757 502 807 magis
549 768 681 806 qnam
728 759 894 798 ratione
932 759 1129 798 dicitur.’'
1164 759 1298 808 Lege:
1333 770 1428 808 pro
1461 759 1740 799 antehaec

166 842 202 872 e.
230 843 270 882 q.
297 842 332 873 s,
374 833 468 873 Hoc
496 834 614 874 enim
645 834 741 873 vult
771 835 1046 884 magistellus
1078 835 1150 884 qui
1182 836 1509 875 annotationem
1541 836 1737 884 scripsit:

168 909 452 960 „praepositio
499 911 629 950 ante
676 911 975 950 accusativum
1022 911 1174 960 habet;
1222 911 1451 951 dicendum
1498 922 1598 961 ergo
1645 913 1739 951 erat

164 986 295 1025 ante
325 985 504 1025 haec.”

224 1061 294 1101 23.
340 1062 408 1102 Ad
453 1061 562 1101 Davi
611 1063 776 1102 dictum
817 1063 921 1102 illud
964 1065 1268 1104 notissimum:
1316 1063 1489 1113 „Davus
1521 1074 1620 1102 sum
1652 1074 1738 1102 non

164 1129 378 1187 Oedipus”
426 1138 692 1188 adscriptum
740 1140 829 1178 est:
883 1141 1064 1190 „Facete
1112 1151 1158 1179 se
1201 1142 1378 1190 negavit
1421 1141 1643 1190 Oedipum,
1688 1142 1738 1180 ut

161 1222 313 1256 senem
345 1214 536 1264 Sphinga
567 1225 663 1254 esse
696 1215 933 1266 confirmet,
968 1226 1054 1255 non
1087 1217 1340 1265 Oedipum.’'
1369 1217 1575 1266 Lepidam
1608 1227 1735 1256 anno-

160 1290 373 1332 tationem
398 1291 697 1340 pessumdedit
722 1292 795 1341 qui
822 1293 939 1332 istud
966 1304 1072 1332 non
1105 1293 1137 1333 O
1152 1294 1374 1342 edipum
1401 1294 1452 1333 de
1470 1304 1548 1333 suo
1566 1293 1734 1333 adiecit.

160 1366 280 1407 Haec
305 1367 423 1407 enim
449 1367 532 1407 fuit
559 1368 826 1408 Scholiasta-e
844 1370 1083 1408 sententia:
1107 1380 1180 1419 „se
1200 1369 1410 1418 Oedipum
1428 1380 1523 1409 esse
1540 1370 1736 1419 negando

159 1442 442 1483 maledictum
483 1445 528 1484 in
569 1445 794 1485 dominum
835 1446 938 1485 iacit
980 1447 1024 1486 et
1055 1445 1105 1485 σὺ
1137 1442 1209 1496 μὲν
1239 1444 1372 1498 Σφίγξ,
1404 1441 1449 1495 εἶ,
1481 1444 1554 1498 ἐγὼ
1588 1442 1625 1484 δ’
1662 1443 1737 1484 οὔκ

159 1517 237 1571 εἰμι
271 1519 465 1567 Οἰδίπους
497 1522 602 1561 ait.”
634 1522 864 1562 Praeterea
890 1533 965 1571 pro
994 1522 1301 1562 confirmet
1327 1522 1472 1562 nescio
1500 1533 1555 1561 an
1582 1522 1734 1561 affir—

158 1597 271 1640 met
310 1596 370 1636 sit
409 1597 654 1647 legendum.
695 1598 802 1648 Quid
835 1599 951 1638 enim
983 1599 1190 1638 usitatius
1223 1609 1354 1647 quam
1386 1599 1473 1638 ista
1504 1598 1734 1638 verborum

159 1673 404 1722 negandi
436 1675 480 1713 et
512 1674 848 1713 affirmandi
879 1675 992 1714 inter
1024 1685 1071 1714 se
1103 1675 1347 1724 oppositio?

218 1850 356 1890 Actus
386 1850 407 1889 Ι
437 1861 594 1891 scenae
626 1853 651 1891 3
684 1853 791 1892 haec
820 1852 1131 1902 praemittitur·
1148 1853 1414 1907 observ-atio:
1453 1853 1561 1902 „Hic
1591 1854 1735 1892 brevis

159 1928 204 1967 et
234 1928 401 1967 comica
431 1928 680 1968 deliberatio
712 1931 780 1969 est
811 1940 971 1978 magna
1003 1930 1327 1978 exspectatione
1353 1931 1560 1979 populum
1587 1941 1733 1970 rerum

158 2004 485 2044 imminentium
527 2007 810 2055 commotura,
855 2008 976 2045 metu
1013 2008 1057 2045 et
1089 2017 1191 2045 cura
1223 2007 1465 2046 aestuantis
1496 2007 1606 2046 Davi
1638 2017 1732 2046 con-

158 2066 419 2120 sideratione
459 2082 721 2130 proposita.''
763 2082 826 2121 Ne
868 2083 964 2130 quis
1006 2083 1114 2122 haec
1144 2084 1344 2132 corrupta
1376 2093 1472 2122 6556
1504 2085 1638 2132 putet,
1674 2084 1735 2122 ita

159 2156 407 2206 accipienda
441 2167 597 2197 moneo
633 2158 765 2197 verba
801 2159 951 2197 metu
996 2181 1050 2186 —
1093 2159 1413 2207 proposita:
1453 2169 1552 2198 cum
1590 2161 1733 2209 populi

158 2232 294 2272 oculis
324 2233 545 2282 proposita
575 2234 634 2273 sit
665 2234 950 2274 consideratio
984 2235 1024 2280 (i.
1044 2245 1079 2274 e.
1114 2234 1379 2281 deliberatio)
1407 2235 1516 2274 Davi
1543 2237 1665 2275 metu
1693 2238 1736 2275 et

159 2318 262 2348 cura
292 2309 547 2349 aestuantis.

218 2483 250 2533 I,
284 2484 324 2534 4,
359 2485 399 2524 5.
433 2483 570 2534 Quia
601 2486 922 2534 compotrix
955 2486 1080 2524 eius
1113 2488 1227 2532 est]
1267 2487 1337 2536 „in
1369 2487 1494 2526 vultu
1526 2487 1738 2526 remansit

159 2559 341 2600 oratio.’'
379 2559 560 2609 Egregia
591 2562 825 2611 annotatio,
860 2572 969 2610 quae
1003 2562 1127 2601 docet
1160 2563 1385 2612 Mysidem,
1419 2563 1521 2602 licet
1552 2563 1738 2602 verbum

160 2645 246 2674 non
288 2635 429 2685 addat,
472 2637 621 2676 tamen
661 2637 785 2676 vultu
824 2639 1036 2687 gestuque
1067 2638 1312 2688 significare
1343 2639 1466 2688 plura
1498 2650 1545 2678 se
1577 2639 1734 2679 habere

161 2722 271 2761 quae
304 2712 431 2752 dicat.

221 2889 253 2939 I,
288 2890 327 2938 5,
361 2889 397 2927 1.
425 2889 638 2928 Hocine
670 2892 781 2937 est]
814 2891 921 2941 „hoc
948 2893 1015 2931 est
1032 2891 1213 2931 dilatare
1231 2891 1484 2941 orationem,
1504 2902 1558 2931 ne
1577 2891 1738 2931 diceret

161 2965 274 3015 quod
315 2966 461 3006 fecit.”
505 2967 729 3007 Sententia
769 2967 922 3007 scholii
964 2968 1223 3008 obscurioris
1265 2968 1372 3008 haec
1414 2978 1510 3008 esse
1542 2969 1739 3008 videtur:
