2002 3464
914 383 994 421 147

226 510 280 550 Et
311 511 380 550 est
409 509 546 559 figura
576 506 746 558 ἔλλειψις
779 510 827 547 ut
859 508 970 557 apud
1001 506 1231 556 Virgilium

345 585 558 626 Invidisse
589 584 701 623 Deos
733 584 885 633 patriis
916 585 966 623 ut
997 584 1188 622 redditus
1221 583 1350 621 aris.'’

167 662 298 702 Gravi
338 662 445 702 haec
485 661 635 700 morbo
676 661 885 700 laborant.
929 661 1047 699 Inter
1083 659 1386 698 Asinorum
1418 659 1664 708 pretium
1697 661 1740 699 et

167 747 327 778 nomen
366 736 562 786 virgil.
607 736 768 775 excidit
807 737 972 775 lemma
1002 735 1103 774 novi
1135 734 1309 773 scholii:
1344 735 1395 773 de
1426 734 1740 784 significatione

166 813 287 853 vocis
316 813 564 862 pretium
596 814 639 851 et
670 813 722 851 de
755 811 968 851 infinitivo
1002 811 1380 851 commisisse.

230 890 297 930 10.
329 889 620 929 Vehementer
651 890 788 928 iratus
820 889 939 928 Davo
971 888 1224 938 Pamphilus
1256 889 1319 927 sic
1352 898 1451 927 eum
1485 889 1739 936 alloquitur:

170 964 391 1023 „Ehodum
432 965 541 1004 bone
582 965 692 1004 vir.'’
726 965 993 1004 Annotatur:
1032 966 1102 1014 „et
1133 965 1213 1003 hoc
1245 963 1422 1015 εἰρωνεία
1454 965 1739 1014 prosequitur,

167 1051 267 1082 cum
308 1051 436 1081 omne
477 1051 614 1090 genus
646 1041 934 1080 contumeliae
966 1042 1061 1080 leve
1094 1041 1138 1079 in
1170 1051 1270 1080 eum
1303 1040 1501 1090 dicimus,
1535 1040 1579 1078 in
1611 1051 1741 1089 quem

165 1117 354 1176 ferimur*
390 1118 654 1157 iracundia.”
703 1118 833 1156 Varia
880 1118 1007 1156 lectio
1051 1117 1308 1156 ducimus
1352 1119 1440 1166 (pro
1483 1117 1740 1163 dicimus)

164 1204 303 1243 neque
340 1194 385 1233 in
415 1194 579 1233 maiore
610 1194 973 1233 Westerhoviana
1004 1204 1142 1242 neque
1172 1193 1215 1231 in
1248 1193 1478 1232 Klotziana
1509 1193 1740 1233 invenitur.

165 1270 301 1311 Unice
342 1272 492 1310 tamen
532 1281 637 1310 vera
679 1272 757 1320 est,
802 1281 937 1318 eaque
979 1270 1153 1318 recepta
1194 1280 1330 1308 unum
1372 1271 1545 1309 tantum
1582 1271 1740 1310 vitium

165 1330 325 1387 restat:
366 1346 739 1396 prosequitur
771 1346 900 1396 enim,
935 1346 1028 1385 sive
1061 1345 1252 1396 εἰρωνεία,
1283 1346 1376 1384 sive
1409 1345 1587 1401 εἰρωνείᾳ
1619 1347 1739 1398 legis,

165 1433 323 1464 sanum
354 1433 451 1463 esse
482 1423 643 1472 nequit.
678 1422 926 1471 Requiritur
962 1423 1041 1472 gad
1073 1421 1277 1472 εἰρωνείαν
1310 1423 1626 1471 confugimus.”
1661 1424 1743 1470 (An

165 1499 418 1549 legendum:
452 1499 534 1539 hoc
565 1498 765 1551 εἰρωνείας
799 1509 936 1548 genus
969 1498 1164 1547 sequitur
1197 1509 1231 1537 e.
1266 1509 1305 1547 q.
1325 1509 1359 1538 s,
1393 1500 1441 1545 ?).

224 1651 296 1702 IV,
343 1652 380 1701 1,
417 1652 484 1690 19.
518 1650 730 1691 Charinus
762 1651 1022 1690 vocabulum
1054 1651 1222 1700 repetit,
1258 1661 1341 1699 quo
1373 1661 1479 1690 usus
1511 1652 1579 1690 est
1611 1652 1663 1690 ad
1696 1662 1743 1690 se

156 1727 438 1777 purgandum
469 1727 736 1776 Pamphilus.
770 1726 895 1765 Hanc
926 1726 1229 1776 repetitionem
1261 1725 1355 1765 ideo
1382 1726 1474 1766 fieri
1503 1727 1744 1767 Scholiasta

167 1805 377 1844 declarat:
425 1804 551 1854 „quia
593 1804 801 1843 articulus
844 1803 986 1842 omnis
1029 1803 1291 1843 defensionis
1332 1814 1407 1852 per
1445 1805 1743 1843 concessivam

111 1875 113 1877 ’
167 1880 423 1930 qualitatem
465 1880 546 1919 hoc
577 1880 690 1919 dicto
723 1881 791 1919 est
823 1880 1130 1918 constitutus.”
1168 1880 1429 1918 Eiusdemne
1461 1880 1652 1919 hominis
1684 1882 1742 1920 in-

166 1967 297 1996 sanas
322 1956 453 1996 hasce
480 1957 666 2005 ineptias
692 1957 832 2005 putas,
862 1956 935 2004 qui
962 1955 1313 2006 annotationibus
1340 1955 1431 1994 suis
1459 1958 1744 2005 spectandum

165 2033 290 2072 nobis
320 2032 571 2072 Terentium
602 2032 878 2082 praebuerit?

225 2172 306 2236 IV,¹
342 2186 381 2236 2,
429 2186 466 2225 1.
508 2185 652 2224 Monet
695 2184 938 2224 Scholiasta
978 2184 1072 2223 ideo
1110 2183 1180 2222 hic
1212 2183 1490 2232 Pamphilum
1523 2194 1548 2223 a
1580 2185 1744 2233 Myside

167 2259 353 2310 Glycerii
395 2261 617 2301 admoneri
662 2271 742 2310 „ne
784 2260 1039 2300 succumbat
1083 2260 1135 2298 ad
1177 2260 1352 2309 nuptias
1393 2260 1506 2309 patri
1542 2262 1744 2309 quamvis

166 2337 415 2386 promiserit
444 2347 492 2377 se
524 2337 755 2377 ducturum
783 2337 1053 2385 coniugem.”
1082 2337 1234 2385 Inepta
1261 2336 1491 2375 verborum
1520 2338 1743 2387 dispositio

167 2418 310 2456 totum
356 2417 550 2457 scholion
591 2417 822 2456 obscurum
864 2416 1060 2455 reddidit.
1106 2415 1217 2454 Ordo
1260 2425 1355 2454 esse
1398 2414 1601 2454 debebat:
1650 2425 1741 2464 „ne‚

167 2492 368 2541 quamvis
424 2493 672 2542 promiserit
724 2503 771 2531 se
819 2493 1050 2531 ducturum
1098 2491 1338 2541 coniugem,
1388 2491 1643 2530 succumbat
1690 2491 1743 2530 ad

168 2569 342 2618 nuptias
372 2569 527 2618 patri.”

232 2646 298 2684 19.
343 2643 475 2694 Quis
512 2645 740 2684 videor?
773 2644 1009 2684 Charinum
1040 2644 1294 2693 Pamphilus
1327 2645 1463 2692 rogat.
1497 2643 1744 2697 Respondet

167 2721 260 2760 hic:
303 2721 477 2760 miser
517 2731 691 2769 aeque
733 2722 901 2769 atque
944 2731 1054 2769 ego.
1099 2721 1367 2759 Annotatur:
1411 2719 1584 2769 „intulit
1615 2719 1742 2770 παρά-

167 2797 296 2844 δοξον.
339 2797 452 2836 Nam
492 2797 664 2836 volebat
704 2796 958 2846 Pamphilus
1000 2796 1082 2835 sibi
1124 2796 1207 2834 dici
1240 2799 1293 2834 et
1324 2795 1541 2834 fortis.''
1574 2795 1655 2834 Pro
1688 2797 1742 2834 et

167 2873 343 2913 fortis
375 2872 605 2921 legendum
637 2873 704 2911 est
736 2882 792 2911 es
833 2872 1020 2911 fortis

191 2965 195 2969 ·
230 2938 299 2989 25.
358 2949 558 2988 Verum
615 2948 702 2987 vis
759 2948 972 2987 dicam?
1030 2947 1241 2987 Charinus
1287 2948 1423 2995 rogat.
1472 2947 1740 2986 Annotatur:
