2002 3464
997 386 1079 424 122

493 511 641 550 Iamne
674 511 900 550 ostendisti
933 510 1056 560 signa
1086 511 1274 552 nutrici?

257 588 384 635 atque
416 587 488 625 illo
519 587 825 635 respondente:
859 587 1063 636 omnia,
1098 597 1247 636 rogare
1278 589 1437 637 pergit:

492 662 670 712 Amabo,
706 662 805 711 quid
837 663 929 701 ait?
961 662 1265 711 cognoscitne?

256 739 337 777 Hic
365 738 570 778 Chremes
597 748 657 777 ac
682 738 1022 777 memoriter.
1051 739 1117 778 Ad
1143 739 1256 778 hunc
1281 739 1424 778 locum
1441 739 1485 778 in
1503 738 1813 779 commentario

255 811 432 863 legitur:
466 814 538 852 Ac
569 813 911 859 memoriter]
951 814 1078 862 „Plus
1110 814 1255 853 intulit
1286 825 1416 862 quam
1447 814 1812 866 interrogabatur:

256 900 358 928 nam
398 900 557 938 magna
597 890 699 928 sunt
735 890 869 939 signa,
904 889 948 927 in
980 889 1132 938 quibus
1164 889 1290 928 anilis
1320 891 1531 930 memoria
1562 901 1647 930 non
1678 892 1812 931 erat.’'

255 966 336 1004 Pro
378 966 498 1004 erat
535 966 681 1004 autem
713 965 1039 1004 Westerhovius
1071 966 1261 1014 reposuit
1292 968 1455 1006 errat.
1490 967 1592 1023 Quis
1621 950 1814 1015 unquam

255 1040 475 1089 Bentlejus
517 1040 755 1079 Cobetusve
797 1042 840 1079 in
882 1041 1147 1079 emendando
1174 1041 1341 1084 ,felicior
1370 1041 1484 1081 fuit?
1516 1042 1622 1092 Quid
1654 1042 1814 1082 certius

256 1128 384 1166 quam
417 1118 523 1156 haec
555 1117 635 1156 viri
667 1118 718 1156 ab
751 1118 950 1156 omnibus
982 1117 1217 1166 contempti
1249 1117 1523 1157 coniectura?

314 1193 434 1231 Adel.
482 1194 513 1243 I,
564 1194 601 1242 2,
648 1194 715 1232 71.
748 1193 870 1232 Micio
912 1194 963 1232 de
1003 1193 1080 1232 filii
1121 1194 1321 1243 adoptivi,
1366 1205 1493 1243 quem
1534 1195 1661 1234 modo
1703 1195 1814 1244 apud

255 1271 421 1318 patrem
449 1270 692 1308 naturalem
720 1269 867 1308 sedulo
895 1269 1093 1318 defendit,
1123 1269 1314 1317 nequitia
1341 1279 1390 1308 ac
1415 1270 1592 1308 levit-ate
1620 1269 1813 1319 cogitans

256 1346 299 1383 et
330 1345 414 1384 alia
446 1346 489 1384 et
520 1345 625 1384 haec
657 1355 805 1384 secum
837 1345 888 1383 de
920 1355 968 1383 eo
1001 1345 1192 1392 queritur
1225 1347 1301 1390 (vs.
1336 1336 1547 1391 69—73):

494 1420 630 1470 Quam
662 1420 731 1459 hic
762 1430 846 1458 non
878 1419 1043 1458 amavit
1073 1419 1358 1470 meretricem,
1393 1422 1468 1459 aut
1494 1421 1561 1459 cui
1587 1431 1672 1461 non
1698 1421 1814 1461 dedit

493 1495 695 1544 Aliquid?
726 1496 943 1544 postremo
975 1505 1120 1545 nuper,
1156 1496 1291 1544 credo,
1326 1495 1414 1534 iam
1446 1496 1640 1534 omnium

492 1572 716 1622 Taedebat,
752 1572 861 1611 dixit
893 1572 1003 1610 velle
1036 1582 1215 1610 uxorem
1248 1572 1412 1610 ducere.

494 1647 725 1696 Sperabam
757 1647 845 1686 iam
877 1647 1110 1686 defervisse
1143 1647 1491 1686 adolescentiam.

492 1723 762 1762 Gaudebam:
796 1718 893 1762 ecce
925 1724 1072 1762 autem
1104 1723 1154 1761 de
1186 1723 1373 1771 integro!

255 1800 320 1839 Ad
361 1800 492 1838 verba
533 1799 690 1838 Dixit
732 1809 787 1838 se
828 1799 977 1838 velle
1015 1809 1243 1838 uxorem
1276 1799 1476 1837 ducere
1508 1798 1678 1848 egregia
1707 1799 1814 1838 haec

254 1876 410 1925 legitur
451 1876 585 1924 ipsius
617 1876 772 1914 Donati
805 1876 932 1921 (nosti
964 1875 1078 1913 enim
1111 1875 1211 1924 iam,
1245 1874 1389 1923 lector,
1425 1874 1524 1922 quid
1555 1884 1604 1913 eo
1640 1874 1812 1914 nomine

253 1951 543 2000 significatum
584 1951 730 1997 velim)
773 1951 1016 1990 annotatio:
1064 1950 1158 2000 „Sic
1195 1961 1248 1989 ex
1286 1932 1406 1998 parte
1437 1960 1596 1998 magna
1626 1949 1814 1989 ostendit

253 2028 424 2067 nescius
466 2028 792 2076 argumentum:
827 2027 919 2065 ideo
952 2026 1051 2074 quia
1081 2026 1316 2065 verisimile
1348 2027 1425 2075 est,
1460 2025 1812 2064 amantissimum

254 2104 456 2142 Aeschini
488 2103 713 2142 Micionem
741 2113 891 2141 omnes
919 2102 1027 2141 scire
1054 2102 1234 2140 affectus
1261 2101 1544 2140 adolescentis
1570 2101 1613 2139 et
1639 2110 1810 2140 consue-

254 2179 437 2218 tudines.
465 2179 519 2217 Et
546 2179 721 2227 apparet
746 2179 979 2227 praeterea,
1009 2178 1211 2216 conatum
1238 2187 1293 2215 ex
1319 2177 1440 2225 parte
1466 2176 1591 2214 fateri
1608 2175 1812 2215 vitiatum

254 2265 399 2293 amore
441 2254 718 2303 Aeschinum,
758 2255 800 2292 et
831 2254 989 2302 pudore
1021 2253 1287 2302 impeditum,
1321 2253 1493 2291 tantum
1524 2252 1604 2290 hoo
1626 2251 1809 2301 dixisse,

254 2330 364 2378 quod
405 2330 584 2368 honeste
624 2329 775 2378 potuit,
818 2329 928 2370 velle
969 2339 1015 2367 se
1056 2338 1236 2366 uxorem
1277 2328 1451 2366 ducere:
1495 2337 1623 2375 quam
1665 2328 1812 2366 autem

254 2406 383 2444 vellet
430 2406 617 2444 tacuisse
660 2405 928 2443 confusum.''
972 2404 1197 2452 Egregiam
1239 2404 1562 2442 annotationem
1603 2403 1809 2452 dicebam,

255 2482 296 2519 et
344 2482 410 2519 est
451 2481 564 2519 haud
606 2480 730 2519 dubie
770 2480 853 2518 viri
894 2480 1000 2518 artis
1042 2479 1234 2518 scenicae
1275 2479 1539 2528 peritissimi,
1583 2478 1658 2517 sed
1697 2478 1812 2527 turpi

254 2557 424 2594 macula
480 2556 742 2594 obscuratur.
801 2555 832 2593 E
879 2555 1021 2594 verbis
1068 2554 1183 2593 enim
1235 2555 1495 2592 conatum
1541 2564 1606 2593 ex
1651 2554 1811 2602 parte

253 2632 425 2670 fateri
481 2631 753 2669 vitiatum
811 2641 994 2669 amore
1045 2630 1385 2668 Aeschinum
1432 2639 1588 2668 sanum
1634 2639 1811 2668 sensum

254 2717 380 2745 nemo
409 2706 562 2744 eliciat.
593 2705 739 2744 Gratia
766 2716 865 2754 ergo
886 2705 1125 2754 Wielingio,
1156 2705 1226 2752 qui
1253 2705 1431 2743 nebulas
1458 2704 1658 2753 dispersit
1684 2701 1808 2743 conii-

255 2782 402 2820 ciendo
449 2783 709 2820 conatum
756 2792 820 2820 ex
867 2782 1026 2829 parte
1072 2780 1245 2818 fateri
1286 2780 1534 2818 vitiasse
1575 2779 1810 2818 amicam

255 2857 607 2895 Aeschinum.
651 2856 870 2895 Audacem
911 2855 1070 2894 dixeris
1113 2855 1423 2894 coniecturam:
1456 2855 1563 2893 bene
1594 2853 1809 2902 reputanti

255 2932 497 2971 certissima
542 2932 767 2971 videbitur.
816 2931 1050 2980 Fingamus
1092 2930 1207 2969 enim
1250 2930 1443 2969 codicum
1485 2927 1835 2975 accuratissima.
