<?xml version="1.0" encoding="UTF-8"?>
<!DOCTYPE html PUBLIC "-//W3C//DTD XHTML 1.0 Transitional//EN"
    "http://www.w3.org/TR/xhtml1/DTD/xhtml1-transitional.dtd">
<html xmlns="http://www.w3.org/1999/xhtml" xml:lang="en" lang="en">
 <head>
  <title>
</title>
<meta http-equiv="Content-Type" content="text/html;charset=utf-8" />
  <meta name='ocr-system' content='tesseract 3.04.00' />
  <meta name='ocr-capabilities' content='ocr_page ocr_carea ocr_par ocr_line ocrx_word'/>
</head>
<body>
  <div class='ocr_page' id='page_1' title='image "./deterentioetdona00hartuoft_0043.png"; bbox 0 0 2002 3464; ppageno 0'>
   <div class='ocr_carea' id='block_1_1' title="bbox 910 350 963 389">
    <p class='ocr_par' dir='ltr' id='par_1_1' title="bbox 910 350 963 389">
     <span class='ocr_line' id='line_1_1' title="bbox 910 350 963 389; baseline -0.019 0"><span class='ocrx_word' id='word_1_1' title='bbox 910 350 963 389; x_wconf 83' lang='lat'>31</span> 
     </span>
    </p>
   </div>
   <div class='ocr_carea' id='block_1_2' title="bbox 88 475 1721 1598">
    <p class='ocr_par' dir='ltr' id='par_1_2' title="bbox 145 475 1721 831">
     <span class='ocr_line' id='line_1_2' title="bbox 149 475 1721 531; baseline 0.004 -16"><span class='ocrx_word' id='word_1_2' title='bbox 149 475 201 515; x_wconf 88' lang='lat' dir='ltr'>ab</span> <span class='ocrx_word' id='word_1_3' title='bbox 244 475 379 516; x_wconf 91' lang='lat' dir='ltr'>altero</span> <span class='ocrx_word' id='word_1_4' title='bbox 419 476 563 516; x_wconf 87' lang='lat' dir='ltr'>verbis</span> <span class='ocrx_word' id='word_1_5' title='bbox 596 476 774 516; x_wconf 86' lang='lat' dir='ltr'>alterius</span> <span class='ocrx_word' id='word_1_6' title='bbox 816 487 1037 528; x_wconf 79' lang='lat' dir='ltr'>personae,</span> <span class='ocrx_word' id='word_1_7' title='bbox 1083 489 1191 527; x_wconf 90' lang='lat' dir='ltr'>quae</span> <span class='ocrx_word' id='word_1_8' title='bbox 1233 480 1402 519; x_wconf 83' lang='lat' dir='ltr'>ostendi</span> <span class='ocrx_word' id='word_1_9' title='bbox 1442 491 1518 530; x_wconf 89' lang='lat' dir='ltr'>per</span> <span class='ocrx_word' id='word_1_10' title='bbox 1548 491 1595 521; x_wconf 89' lang='lat' dir='ltr'>se</span> <span class='ocrx_word' id='word_1_11' title='bbox 1627 482 1721 531; x_wconf 91' lang='lat' dir='ltr'>ipsa</span> 
     </span>
     <span class='ocr_line' id='line_1_3' title="bbox 147 554 1720 608; baseline 0.004 -17"><span class='ocrx_word' id='word_1_12' title='bbox 147 561 235 591; x_wconf 90' lang='lat' dir='ltr'>non</span> <span class='ocrx_word' id='word_1_13' title='bbox 264 554 486 602; x_wconf 86' lang='lat' dir='ltr'>poterant;</span> <span class='ocrx_word' id='word_1_14' title='bbox 519 554 568 592; x_wconf 90' lang='lat' dir='ltr'>ut</span> <span class='ocrx_word' id='word_1_15' title='bbox 599 563 713 593; x_wconf 91' lang='lat' dir='ltr'>nunc</span> <span class='ocrx_word' id='word_1_16' title='bbox 744 564 878 593; x_wconf 89' lang='lat' dir='ltr'>manu</span> <span class='ocrx_word' id='word_1_17' title='bbox 911 565 1036 603; x_wconf 85' lang='lat' dir='ltr'>agere</span> <span class='ocrx_word' id='word_1_18' title='bbox 1070 554 1306 595; x_wconf 81' lang='lat' dir='ltr'>Chaeream</span> <span class='ocrx_word' id='word_1_19' title='bbox 1333 557 1600 597; x_wconf 87' lang='lat' dir='ltr'>Parmenone</span> <span class='ocrx_word' id='word_1_20' title='bbox 1627 559 1720 608; x_wconf 87' lang='lat' dir='ltr'>ipso</span> 
     </span>
     <span class='ocr_line' id='line_1_4' title="bbox 146 627 1720 681; baseline 0.005 -15"><span class='ocrx_word' id='word_1_21' title='bbox 146 627 314 668; x_wconf 77' lang='lat' dir='ltr'>dicente</span> <span class='ocrx_word' id='word_1_22' title='bbox 333 659 338 665; x_wconf 95' lang='lat'><em>.</em></span> <span class='ocrx_word' id='word_1_23' title='bbox 355 629 698 678; x_wconf 86' lang='lat' dir='ltr'>cognoscimus.’&#39;</span> <span class='ocrx_word' id='word_1_24' title='bbox 741 629 902 669; x_wconf 90' lang='lat' dir='ltr'>Eodem</span> <span class='ocrx_word' id='word_1_25' title='bbox 934 632 1074 681; x_wconf 86' lang='lat' dir='ltr'>modo,</span> <span class='ocrx_word' id='word_1_26' title='bbox 1109 632 1146 670; x_wconf 91' lang='lat' dir='ltr'>si</span> <span class='ocrx_word' id='word_1_27' title='bbox 1179 632 1274 680; x_wconf 92' lang='lat' dir='ltr'>quis</span> <span class='ocrx_word' id='word_1_28' title='bbox 1306 633 1350 671; x_wconf 89' lang='lat' dir='ltr'>in</span> <span class='ocrx_word' id='word_1_29' title='bbox 1382 633 1545 673; x_wconf 80' lang='lat' dir='ltr'>Graeca</span> <span class='ocrx_word' id='word_1_30' title='bbox 1575 634 1720 674; x_wconf 83' lang='lat' dir='ltr'>fabula</span> 
     </span>
     <span class='ocr_line' id='line_1_5' title="bbox 145 693 1715 759; baseline 0.004 -16"><span class='ocrx_word' id='word_1_31' title='bbox 145 693 392 756; x_wconf 66' lang='grc' dir='ltr'><strong><em>μαρτῦρομαι</em></strong></span> <span class='ocrx_word' id='word_1_32' title='bbox 423 705 654 755; x_wconf 79' lang='lat' dir='ltr'>exclamat,</span> <span class='ocrx_word' id='word_1_33' title='bbox 684 705 724 744; x_wconf 90' lang='lat' dir='ltr'>ei</span> <span class='ocrx_word' id='word_1_34' title='bbox 750 706 878 745; x_wconf 93' lang='lat' dir='ltr'>modo</span> <span class='ocrx_word' id='word_1_35' title='bbox 905 706 1116 746; x_wconf 86' lang='lat' dir='ltr'>inflictam</span> <span class='ocrx_word' id='word_1_36' title='bbox 1143 708 1315 757; x_wconf 85' lang='lat' dir='ltr'>alapam</span> <span class='ocrx_word' id='word_1_37' title='bbox 1337 710 1447 749; x_wconf 88' lang='lat' dir='ltr'>scire</span> <span class='ocrx_word' id='word_1_38' title='bbox 1468 721 1715 759; x_wconf 88' lang='lat' dir='ltr'>possumus.</span> 
     </span>
     <span class='ocr_line' id='line_1_6' title="bbox 145 777 1609 831; baseline 0.005 -12"><span class='ocrx_word' id='word_1_39' title='bbox 145 777 206 819; x_wconf 91' lang='lat' dir='ltr'>Cf.</span> <span class='ocrx_word' id='word_1_40' title='bbox 239 780 319 820; x_wconf 91' lang='lat' dir='ltr'>Ad.</span> <span class='ocrx_word' id='word_1_41' title='bbox 356 780 438 820; x_wconf 82' lang='lat'>173</span> <span class='ocrx_word' id='word_1_42' title='bbox 471 781 544 820; x_wconf 88' lang='lat' dir='ltr'>ubi</span> <span class='ocrx_word' id='word_1_43' title='bbox 579 782 645 831; x_wconf 81' lang='lat' dir='ltr'>„ei</span> <span class='ocrx_word' id='word_1_44' title='bbox 676 782 836 821; x_wconf 91' lang='lat' dir='ltr'>misero</span> <span class='ocrx_word' id='word_1_45' title='bbox 869 782 1006 821; x_wconf 84' lang='lat' dir='ltr'>mihi”</span> <span class='ocrx_word' id='word_1_46' title='bbox 1039 783 1136 822; x_wconf 91' lang='lat' dir='ltr'>leno</span> <span class='ocrx_word' id='word_1_47' title='bbox 1168 785 1422 824; x_wconf 88' lang='lat' dir='ltr'>verberatus</span> <span class='ocrx_word' id='word_1_48' title='bbox 1459 786 1609 826; x_wconf 89' lang='lat' dir='ltr'>ululat.</span> 
     </span>
    </p>

    <p class='ocr_par' dir='ltr' id='par_1_3' title="bbox 141 855 1716 984">
     <span class='ocr_line' id='line_1_7' title="bbox 203 855 1716 907; baseline 0.005 -12"><span class='ocrx_word' id='word_1_49' title='bbox 203 855 313 896; x_wconf 60' lang='lat'>386„</span> <span class='ocrx_word' id='word_1_50' title='bbox 354 856 535 907; x_wconf 78' lang='lat' dir='ltr'>„Quidni</span> <span class='ocrx_word' id='word_1_51' title='bbox 581 868 659 907; x_wconf 88' lang='lat' dir='ltr'>ego</span> <span class='ocrx_word' id='word_1_52' title='bbox 707 858 916 898; x_wconf 88' lang='lat' dir='ltr'>Thaidem</span> <span class='ocrx_word' id='word_1_53' title='bbox 957 860 1232 899; x_wconf 78' lang='lat' dir='ltr'>meretricem</span> <span class='ocrx_word' id='word_1_54' title='bbox 1272 861 1483 901; x_wconf 83' lang='lat' dir='ltr'>fallam?”</span> <span class='ocrx_word' id='word_1_55' title='bbox 1526 862 1716 902; x_wconf 84' lang='lat' dir='ltr'>Chaerea</span> 
     </span>
     <span class='ocr_line' id='line_1_8' title="bbox 141 932 927 984; baseline 0.003 -12"><span class='ocrx_word' id='word_1_56' title='bbox 141 932 403 972; x_wconf 75' lang='lat' dir='ltr'>retinentem</span> <span class='ocrx_word' id='word_1_57' title='bbox 433 933 751 974; x_wconf 88' lang='lat' dir='ltr'>Parmenonem</span> <span class='ocrx_word' id='word_1_58' title='bbox 783 936 927 984; x_wconf 86' lang='lat' dir='ltr'>rogat:</span> 
     </span>
    </p>

    <p class='ocr_par' dir='ltr' id='par_1_4' title="bbox 138 1009 1713 1213">
     <span class='ocr_line' id='line_1_9' title="bbox 199 1009 1668 1061; baseline 0.003 -11"><span class='ocrx_word' id='word_1_59' title='bbox 199 1009 269 1049; x_wconf 89' lang='lat' dir='ltr'>An</span> <span class='ocrx_word' id='word_1_60' title='bbox 293 1011 438 1060; x_wconf 86' lang='lat' dir='ltr'>potius</span> <span class='ocrx_word' id='word_1_61' title='bbox 464 1011 571 1051; x_wconf 87' lang='lat' dir='ltr'>haec</span> <span class='ocrx_word' id='word_1_62' title='bbox 596 1012 719 1061; x_wconf 83' lang='lat' dir='ltr'>pati?</span> <span class='ocrx_word' id='word_1_63' title='bbox 745 1023 932 1061; x_wconf 88' lang='lat' dir='ltr'>aequum</span> <span class='ocrx_word' id='word_1_64' title='bbox 960 1014 1027 1052; x_wconf 93' lang='lat' dir='ltr'>est</span> <span class='ocrx_word' id='word_1_65' title='bbox 1053 1010 1145 1052; x_wconf 81' lang='lat' dir='ltr'>fie&#39;ri</span> <span class='ocrx_word' id='word_1_66' title='bbox 1162 1015 1210 1052; x_wconf 91' lang='lat' dir='ltr'>ut</span> <span class='ocrx_word' id='word_1_67' title='bbox 1228 1024 1252 1052; x_wconf 88' lang='lat' dir='ltr'>a</span> <span class='ocrx_word' id='word_1_68' title='bbox 1268 1025 1340 1053; x_wconf 91' lang='lat' dir='ltr'>me</span> <span class='ocrx_word' id='word_1_69' title='bbox 1356 1015 1530 1054; x_wconf 88' lang='lat' dir='ltr'>ludatur</span> <span class='ocrx_word' id='word_1_70' title='bbox 1546 1016 1668 1055; x_wconf 82' lang='lat' dir='ltr'>dolis,</span> 
     </span>
     <span class='ocr_line' id='line_1_10' title="bbox 141 1085 1713 1142; baseline 0.004 -16"><span class='ocrx_word' id='word_1_71' title='bbox 141 1085 211 1126; x_wconf 80' lang='lat' dir='ltr'>Sic</span> <span class='ocrx_word' id='word_1_72' title='bbox 250 1087 379 1137; x_wconf 87' lang='lat' dir='ltr'>vulgo</span> <span class='ocrx_word' id='word_1_73' title='bbox 421 1088 573 1138; x_wconf 88' lang='lat' dir='ltr'>editur,</span> <span class='ocrx_word' id='word_1_74' title='bbox 618 1090 765 1128; x_wconf 82' lang='lat' dir='ltr'>exstat</span> <span class='ocrx_word' id='word_1_75' title='bbox 806 1089 927 1128; x_wconf 87' lang='lat' dir='ltr'>varia</span> <span class='ocrx_word' id='word_1_76' title='bbox 968 1089 1095 1129; x_wconf 86' lang='lat' dir='ltr'>lectio</span> <span class='ocrx_word' id='word_1_77' title='bbox 1132 1091 1284 1139; x_wconf 90' lang='lat' dir='ltr'>patri</span> <span class='ocrx_word' id='word_1_78' title='bbox 1316 1102 1391 1140; x_wconf 90' lang='lat' dir='ltr'>pro</span> <span class='ocrx_word' id='word_1_79' title='bbox 1423 1092 1555 1142; x_wconf 88' lang='lat' dir='ltr'>pati,</span> <span class='ocrx_word' id='word_1_80' title='bbox 1591 1093 1713 1132; x_wconf 89' lang='lat' dir='ltr'>cuius</span> 
     </span>
     <span class='ocr_line' id='line_1_11' title="bbox 138 1163 1233 1213; baseline 0.003 -11"><span class='ocrx_word' id='word_1_81' title='bbox 138 1171 218 1212; x_wconf 87' lang='lat' dir='ltr'>ope</span> <span class='ocrx_word' id='word_1_82' title='bbox 248 1163 471 1212; x_wconf 85' lang='lat' dir='ltr'>Bentlejus</span> <span class='ocrx_word' id='word_1_83' title='bbox 502 1164 724 1213; x_wconf 86' lang='lat' dir='ltr'>egregium</span> <span class='ocrx_word' id='word_1_84' title='bbox 755 1165 869 1204; x_wconf 92' lang='lat' dir='ltr'>hunc</span> <span class='ocrx_word' id='word_1_85' title='bbox 900 1166 1003 1205; x_wconf 86' lang='lat' dir='ltr'>fecit</span> <span class='ocrx_word' id='word_1_86' title='bbox 1033 1177 1233 1205; x_wconf 85' lang='lat' dir='ltr'>versum:</span> 
     </span>
    </p>

    <p class='ocr_par' dir='ltr' id='par_1_5' title="bbox 197 1238 1672 1291">
     <span class='ocr_line' id='line_1_12' title="bbox 197 1238 1672 1291; baseline 0.003 -13"><span class='ocrx_word' id='word_1_87' title='bbox 197 1238 266 1278; x_wconf 86' lang='lat' dir='ltr'>An</span> <span class='ocrx_word' id='word_1_88' title='bbox 291 1240 436 1289; x_wconf 89' lang='lat' dir='ltr'>potius</span> <span class='ocrx_word' id='word_1_89' title='bbox 461 1250 538 1290; x_wconf 91' lang='lat' dir='ltr'>par</span> <span class='ocrx_word' id='word_1_90' title='bbox 564 1242 693 1290; x_wconf 88' lang='lat' dir='ltr'>atque</span> <span class='ocrx_word' id='word_1_91' title='bbox 721 1244 952 1290; x_wconf 79' lang='lat' dir='ltr'>aequumst</span> <span class='ocrx_word' id='word_1_92' title='bbox 977 1244 1100 1291; x_wconf 89' lang='lat' dir='ltr'>pater</span> <span class='ocrx_word' id='word_1_93' title='bbox 1126 1244 1175 1282; x_wconf 93' lang='lat' dir='ltr'>ut</span> <span class='ocrx_word' id='word_1_94' title='bbox 1203 1253 1228 1282; x_wconf 89' lang='lat' dir='ltr'>a</span> <span class='ocrx_word' id='word_1_95' title='bbox 1253 1254 1324 1283; x_wconf 91' lang='lat' dir='ltr'>me</span> <span class='ocrx_word' id='word_1_96' title='bbox 1341 1243 1515 1283; x_wconf 90' lang='lat' dir='ltr'>ludatur</span> <span class='ocrx_word' id='word_1_97' title='bbox 1531 1244 1672 1284; x_wconf 84' lang='lat' dir='ltr'>dolis?</span> 
     </span>
    </p>

    <p class='ocr_par' dir='ltr' id='par_1_6' title="bbox 88 1314 1711 1598">
     <span class='ocr_line' id='line_1_13' title="bbox 197 1314 1711 1366; baseline 0.003 -11"><span class='ocrx_word' id='word_1_98' title='bbox 197 1314 320 1356; x_wconf 86' lang='lat' dir='ltr'>Certe</span> <span class='ocrx_word' id='word_1_99' title='bbox 361 1318 547 1366; x_wconf 83' lang='lat' dir='ltr'>patris</span> <span class='ocrx_word' id='word_1_100' title='bbox 578 1318 743 1357; x_wconf 85' lang='lat' dir='ltr'>mentio</span> <span class='ocrx_word' id='word_1_101' title='bbox 775 1319 1018 1358; x_wconf 81' lang='lat' dir='ltr'>rectissime</span> <span class='ocrx_word' id='word_1_102' title='bbox 1046 1319 1116 1358; x_wconf 90' lang='lat' dir='ltr'>hic</span> <span class='ocrx_word' id='word_1_103' title='bbox 1147 1319 1208 1358; x_wconf 87' lang='lat' dir='ltr'>fit.</span> <span class='ocrx_word' id='word_1_104' title='bbox 1242 1320 1354 1359; x_wconf 90' lang='lat' dir='ltr'>Nam</span> <span class='ocrx_word' id='word_1_105' title='bbox 1386 1321 1470 1359; x_wconf 90' lang='lat' dir='ltr'>nisi</span> <span class='ocrx_word' id='word_1_106' title='bbox 1502 1321 1711 1361; x_wconf 87' lang='lat' dir='ltr'>Thaidem</span> 
     </span>
     <span class='ocr_line' id='line_1_14' title="bbox 136 1391 1710 1447; baseline 0.003 -15"><span class='ocrx_word' id='word_1_107' title='bbox 136 1391 351 1442; x_wconf 86' lang='lat' dir='ltr'>deceperit</span> <span class='ocrx_word' id='word_1_108' title='bbox 392 1392 583 1434; x_wconf 87' lang='lat' dir='ltr'>Chaerea</span> <span class='ocrx_word' id='word_1_109' title='bbox 624 1395 667 1434; x_wconf 87' lang='lat' dir='ltr'>et</span> <span class='ocrx_word' id='word_1_110' title='bbox 714 1395 810 1435; x_wconf 93' lang='lat' dir='ltr'>dolo</span> <span class='ocrx_word' id='word_1_111' title='bbox 826 1392 833 1403; x_wconf 69' lang='grc'>”</span> <span class='ocrx_word' id='word_1_112' title='bbox 852 1395 904 1434; x_wconf 88' lang='lat' dir='ltr'>ab</span> <span class='ocrx_word' id='word_1_113' title='bbox 947 1395 1021 1434; x_wconf 90' lang='lat' dir='ltr'>illa</span> <span class='ocrx_word' id='word_1_114' title='bbox 1060 1396 1276 1445; x_wconf 82' lang='lat' dir='ltr'>virginem</span> <span class='ocrx_word' id='word_1_115' title='bbox 1319 1397 1558 1447; x_wconf 85' lang='lat' dir='ltr'>abduxerit,</span> <span class='ocrx_word' id='word_1_116' title='bbox 1603 1398 1710 1436; x_wconf 90' lang='lat' dir='ltr'>nihil</span> 
     </span>
     <span class='ocr_line' id='line_1_15' title="bbox 88 1465 1708 1522; baseline 0.003 -14"><span class='ocrx_word' id='word_1_117' title='bbox 88 1465 90 1467; x_wconf 64' lang='grc'><strong><em>’</em></strong></span> <span class='ocrx_word' id='word_1_118' title='bbox 135 1469 274 1509; x_wconf 84' lang='lat' dir='ltr'>restat</span> <span class='ocrx_word' id='word_1_119' title='bbox 313 1469 399 1508; x_wconf 83' lang='lat' dir='ltr'>nisi</span> <span class='ocrx_word' id='word_1_120' title='bbox 428 1471 478 1508; x_wconf 94' lang='lat' dir='ltr'>ut</span> <span class='ocrx_word' id='word_1_121' title='bbox 514 1480 540 1509; x_wconf 88' lang='lat' dir='ltr'>a</span> <span class='ocrx_word' id='word_1_122' title='bbox 580 1471 702 1519; x_wconf 87' lang='lat' dir='ltr'>patre</span> <span class='ocrx_word' id='word_1_123' title='bbox 734 1471 962 1520; x_wconf 85' lang='lat' dir='ltr'>pecuniam</span> <span class='ocrx_word' id='word_1_124' title='bbox 1005 1472 1183 1511; x_wconf 90' lang='lat' dir='ltr'>abradat</span> <span class='ocrx_word' id='word_1_125' title='bbox 1215 1483 1299 1521; x_wconf 90' lang='lat' dir='ltr'>qua</span> <span class='ocrx_word' id='word_1_126' title='bbox 1330 1473 1544 1522; x_wconf 86' lang='lat' dir='ltr'>virginem</span> <span class='ocrx_word' id='word_1_127' title='bbox 1577 1476 1708 1514; x_wconf 89' lang='lat' dir='ltr'>emat.</span> 
     </span>
     <span class='ocr_line' id='line_1_16' title="bbox 134 1545 1708 1598; baseline 0.004 -14"><span class='ocrx_word' id='word_1_128' title='bbox 134 1545 277 1594; x_wconf 90' lang='lat' dir='ltr'>Atque</span> <span class='ocrx_word' id='word_1_129' title='bbox 317 1545 362 1584; x_wconf 89' lang='lat' dir='ltr'>in</span> <span class='ocrx_word' id='word_1_130' title='bbox 407 1546 583 1586; x_wconf 88' lang='lat' dir='ltr'>senibus</span> <span class='ocrx_word' id='word_1_131' title='bbox 629 1548 912 1597; x_wconf 87' lang='lat' dir='ltr'>emungendis</span> <span class='ocrx_word' id='word_1_132' title='bbox 944 1549 1038 1587; x_wconf 87' lang='lat' dir='ltr'>sine</span> <span class='ocrx_word' id='word_1_133' title='bbox 1068 1548 1158 1587; x_wconf 91' lang='lat' dir='ltr'>ulla</span> <span class='ocrx_word' id='word_1_134' title='bbox 1188 1549 1394 1598; x_wconf 86' lang='lat' dir='ltr'>religione</span> <span class='ocrx_word' id='word_1_135' title='bbox 1425 1551 1540 1589; x_wconf 90' lang='lat' dir='ltr'>servi</span> <span class='ocrx_word' id='word_1_136' title='bbox 1572 1551 1708 1590; x_wconf 90' lang='lat' dir='ltr'>adole-</span> 
     </span>
    </p>
   </div>
   <div class='ocr_carea' id='block_1_3' title="bbox 130 1621 716 1673">
    <p class='ocr_par' dir='ltr' id='par_1_7' title="bbox 130 1621 716 1673">
     <span class='ocr_line' id='line_1_17' title="bbox 130 1621 716 1673; baseline 0.007 -13"><span class='ocrx_word' id='word_1_137' title='bbox 130 1621 355 1662; x_wconf 78' lang='lat' dir='ltr'>scentibus</span> <span class='ocrx_word' id='word_1_138' title='bbox 387 1623 491 1662; x_wconf 89' lang='lat' dir='ltr'>dant</span> <span class='ocrx_word' id='word_1_139' title='bbox 527 1634 716 1673; x_wconf 86' lang='lat' dir='ltr'>operam.</span> 
     </span>
    </p>
   </div>
   <div class='ocr_carea' id='block_1_4' title="bbox 671 1923 1162 1964">
    <p class='ocr_par' dir='ltr' id='par_1_8' title="bbox 671 1923 1162 1964">
     <span class='ocr_line' id='line_1_18' title="bbox 671 1923 1162 1964; baseline 0 0"><span class='ocrx_word' id='word_1_140' title='bbox 671 1923 818 1964; x_wconf 77' lang='lat' dir='ltr'>Acrus</span> <span class='ocrx_word' id='word_1_141' title='bbox 850 1924 913 1963; x_wconf 89' lang='lat' dir='ltr'>III</span> <span class='ocrx_word' id='word_1_142' title='bbox 946 1924 1090 1964; x_wconf 80' lang='lat' dir='ltr'>SOENA</span> <span class='ocrx_word' id='word_1_143' title='bbox 1126 1925 1162 1964; x_wconf 87' lang='lat'>1.</span> 
     </span>
    </p>
   </div>
   <div class='ocr_carea' id='block_1_5' title="bbox 46 2057 1758 2955">
    <p class='ocr_par' dir='ltr' id='par_1_9' title="bbox 91 2057 1733 2572">
     <span class='ocr_line' id='line_1_19' title="bbox 190 2057 1705 2110; baseline 0.002 -12"><span class='ocrx_word' id='word_1_144' title='bbox 190 2057 403 2099; x_wconf 88' lang='lat' dir='ltr'>Parmeno</span> <span class='ocrx_word' id='word_1_145' title='bbox 436 2070 491 2099; x_wconf 84' lang='lat' dir='ltr'>ex</span> <span class='ocrx_word' id='word_1_146' title='bbox 522 2059 614 2099; x_wconf 89' lang='lat' dir='ltr'>heri</span> <span class='ocrx_word' id='word_1_147' title='bbox 647 2061 823 2100; x_wconf 88' lang='lat' dir='ltr'>aedibus</span> <span class='ocrx_word' id='word_1_148' title='bbox 854 2062 1089 2110; x_wconf 88' lang='lat' dir='ltr'>procedens</span> <span class='ocrx_word' id='word_1_149' title='bbox 1120 2062 1170 2100; x_wconf 89' lang='lat' dir='ltr'>ut</span> <span class='ocrx_word' id='word_1_150' title='bbox 1201 2061 1254 2101; x_wconf 89' lang='lat' dir='ltr'>ad</span> <span class='ocrx_word' id='word_1_151' title='bbox 1287 2061 1496 2100; x_wconf 84' lang='lat' dir='ltr'>Thaidem</span> <span class='ocrx_word' id='word_1_152' title='bbox 1523 2062 1705 2101; x_wconf 86' lang='lat' dir='ltr'>deducat</span> 
     </span>
     <span class='ocr_line' id='line_1_20' title="bbox 91 2135 1703 2187; baseline -0.001 -9"><span class='ocrx_word' id='word_1_153' title='bbox 91 2175 93 2178; x_wconf 15' lang='grc' dir='ltr'><em>Α</em></span> <span class='ocrx_word' id='word_1_154' title='bbox 130 2135 333 2176; x_wconf 83' lang='lat' dir='ltr'>ancillam</span> <span class='ocrx_word' id='word_1_155' title='bbox 373 2137 544 2186; x_wconf 86' lang='lat' dir='ltr'>nigram</span> <span class='ocrx_word' id='word_1_156' title='bbox 587 2139 630 2176; x_wconf 92' lang='lat' dir='ltr'>et</span> <span class='ocrx_word' id='word_1_157' title='bbox 661 2137 918 2177; x_wconf 85' lang='lat' dir='ltr'>Eunuchum</span> <span class='ocrx_word' id='word_1_158' title='bbox 950 2138 1074 2177; x_wconf 89' lang='lat' dir='ltr'>illum</span> <span class='ocrx_word' id='word_1_159' title='bbox 1107 2138 1376 2187; x_wconf 87' lang='lat' dir='ltr'>simulatum,</span> <span class='ocrx_word' id='word_1_160' title='bbox 1411 2138 1584 2177; x_wconf 90' lang='lat' dir='ltr'>adstare</span> <span class='ocrx_word' id='word_1_161' title='bbox 1615 2139 1703 2177; x_wconf 89' lang='lat' dir='ltr'>iam</span> 
     </span>
     <span class='ocr_line' id='line_1_21' title="bbox 129 2214 1701 2266; baseline 0.001 -12"><span class='ocrx_word' id='word_1_162' title='bbox 129 2215 230 2254; x_wconf 88' lang='lat' dir='ltr'>ante</span> <span class='ocrx_word' id='word_1_163' title='bbox 271 2214 446 2254; x_wconf 89' lang='lat' dir='ltr'>Thaidis</span> <span class='ocrx_word' id='word_1_164' title='bbox 479 2215 641 2254; x_wconf 84' lang='lat' dir='ltr'>ostium</span> <span class='ocrx_word' id='word_1_165' title='bbox 673 2215 941 2255; x_wconf 85' lang='lat' dir='ltr'>Thrasonem</span> <span class='ocrx_word' id='word_1_166' title='bbox 972 2216 1159 2255; x_wconf 89' lang='lat' dir='ltr'>militem</span> <span class='ocrx_word' id='word_1_167' title='bbox 1191 2216 1310 2255; x_wconf 86' lang='lat' dir='ltr'>videt</span> <span class='ocrx_word' id='word_1_168' title='bbox 1342 2227 1442 2255; x_wconf 91' lang='lat' dir='ltr'>cum</span> <span class='ocrx_word' id='word_1_169' title='bbox 1474 2227 1552 2255; x_wconf 91' lang='lat' dir='ltr'>suo</span> <span class='ocrx_word' id='word_1_170' title='bbox 1584 2226 1701 2266; x_wconf 89' lang='lat' dir='ltr'>para-</span> 
     </span>
     <span class='ocr_line' id='line_1_22' title="bbox 127 2290 1703 2343; baseline 0.001 -13"><span class='ocrx_word' id='word_1_171' title='bbox 127 2290 212 2330; x_wconf 86' lang='lat' dir='ltr'>sito</span> <span class='ocrx_word' id='word_1_172' title='bbox 244 2290 482 2330; x_wconf 83' lang='lat' dir='ltr'>Gnathone.</span> <span class='ocrx_word' id='word_1_173' title='bbox 516 2291 638 2331; x_wconf 92' lang='lat' dir='ltr'>Modo</span> <span class='ocrx_word' id='word_1_174' title='bbox 670 2292 949 2343; x_wconf 88' lang='lat' dir='ltr'>advenerunt,</span> <span class='ocrx_word' id='word_1_175' title='bbox 979 2293 1053 2332; x_wconf 90' lang='lat' dir='ltr'>sed</span> <span class='ocrx_word' id='word_1_176' title='bbox 1086 2303 1229 2332; x_wconf 90' lang='lat' dir='ltr'>sermo</span> <span class='ocrx_word' id='word_1_177' title='bbox 1262 2304 1411 2332; x_wconf 86' lang='lat' dir='ltr'>eorum</span> <span class='ocrx_word' id='word_1_178' title='bbox 1448 2293 1537 2343; x_wconf 86' lang='lat' dir='ltr'>„sic</span> <span class='ocrx_word' id='word_1_179' title='bbox 1563 2293 1703 2342; x_wconf 85' lang='lat' dir='ltr'>prodit</span> 
     </span>
     <span class='ocr_line' id='line_1_23' title="bbox 126 2367 1733 2419; baseline 0.001 -13"><span class='ocrx_word' id='word_1_180' title='bbox 126 2367 177 2406; x_wconf 94' lang='lat' dir='ltr'>ut</span> <span class='ocrx_word' id='word_1_181' title='bbox 206 2368 305 2417; x_wconf 84' lang='lat' dir='ltr'>post</span> <span class='ocrx_word' id='word_1_182' title='bbox 335 2377 512 2407; x_wconf 88' lang='lat' dir='ltr'>scenam</span> <span class='ocrx_word' id='word_1_183' title='bbox 540 2368 768 2408; x_wconf 89' lang='lat' dir='ltr'>inchoatus</span> <span class='ocrx_word' id='word_1_184' title='bbox 795 2379 891 2408; x_wconf 88' lang='lat' dir='ltr'>esse</span> <span class='ocrx_word' id='word_1_185' title='bbox 917 2370 1143 2409; x_wconf 87' lang='lat' dir='ltr'>videatur’&#39;</span> <span class='ocrx_word' id='word_1_186' title='bbox 1173 2370 1538 2418; x_wconf 90' lang='lat' dir='ltr'>quemadmodum</span> <span class='ocrx_word' id='word_1_187' title='bbox 1565 2370 1701 2419; x_wconf 89' lang='lat' dir='ltr'>perite</span> <span class='ocrx_word' id='word_1_188' title='bbox 1723 2388 1733 2393; x_wconf 71' lang='lat'><em>-</em></span> 
     </span>
     <span class='ocr_line' id='line_1_24' title="bbox 127 2441 1700 2495; baseline 0.002 -13"><span class='ocrx_word' id='word_1_189' title='bbox 127 2441 329 2482; x_wconf 86' lang='lat' dir='ltr'>observat</span> <span class='ocrx_word' id='word_1_190' title='bbox 376 2444 630 2484; x_wconf 87' lang='lat' dir='ltr'>Scholiasta.</span> <span class='ocrx_word' id='word_1_191' title='bbox 679 2445 812 2485; x_wconf 89' lang='lat' dir='ltr'>Audit</span> <span class='ocrx_word' id='word_1_192' title='bbox 858 2445 982 2484; x_wconf 90' lang='lat' dir='ltr'>illum</span> <span class='ocrx_word' id='word_1_193' title='bbox 1028 2456 1277 2485; x_wconf 87' lang='lat' dir='ltr'>sermonem</span> <span class='ocrx_word' id='word_1_194' title='bbox 1320 2457 1375 2485; x_wconf 83' lang='lat' dir='ltr'>ex</span> <span class='ocrx_word' id='word_1_195' title='bbox 1422 2457 1499 2485; x_wconf 91' lang='lat' dir='ltr'>suo</span> <span class='ocrx_word' id='word_1_196' title='bbox 1543 2446 1700 2495; x_wconf 88' lang='lat' dir='ltr'>angulo</span> 
     </span>
     <span class='ocr_line' id='line_1_25' title="bbox 126 2517 1698 2572; baseline 0.003 -16"><span class='ocrx_word' id='word_1_197' title='bbox 126 2517 350 2568; x_wconf 88' lang='lat' dir='ltr'>Parmeno,</span> <span class='ocrx_word' id='word_1_198' title='bbox 395 2521 515 2559; x_wconf 90' lang='lat' dir='ltr'>audit</span> <span class='ocrx_word' id='word_1_199' title='bbox 556 2521 749 2570; x_wconf 88' lang='lat' dir='ltr'>ineptam</span> <span class='ocrx_word' id='word_1_200' title='bbox 791 2521 945 2560; x_wconf 88' lang='lat' dir='ltr'>militis</span> <span class='ocrx_word' id='word_1_201' title='bbox 988 2522 1267 2561; x_wconf 85' lang='lat' dir='ltr'>iactationem</span> <span class='ocrx_word' id='word_1_202' title='bbox 1303 2523 1568 2572; x_wconf 87' lang='lat' dir='ltr'>parasitique</span> <span class='ocrx_word' id='word_1_203' title='bbox 1600 2522 1698 2561; x_wconf 92' lang='lat' dir='ltr'>adu-</span> 
     </span>
    </p>

    <p class='ocr_par' dir='ltr' id='par_1_10' title="bbox 46 2588 1758 2722">
     <span class='ocr_line' id='line_1_26' title="bbox 46 2588 1758 2646; baseline 0.002 -13"><span class='ocrx_word' id='word_1_204' title='bbox 46 2595 49 2597; x_wconf 85' lang='grc'><strong>’</strong></span> <span class='ocrx_word' id='word_1_205' title='bbox 125 2593 332 2635; x_wconf 87' lang='lat' dir='ltr'>lationem</span> <span class='ocrx_word' id='word_1_206' title='bbox 380 2596 606 2637; x_wconf 88' lang='lat' dir='ltr'>abiectam.</span> <span class='ocrx_word' id='word_1_207' title='bbox 650 2598 793 2636; x_wconf 91' lang='lat' dir='ltr'>Pauca</span> <span class='ocrx_word' id='word_1_208' title='bbox 835 2597 1046 2646; x_wconf 90' lang='lat' dir='ltr'>quaedam</span> <span class='ocrx_word' id='word_1_209' title='bbox 1088 2608 1143 2637; x_wconf 83' lang='lat' dir='ltr'>ex</span> <span class='ocrx_word' id='word_1_210' title='bbox 1185 2598 1347 2637; x_wconf 91' lang='lat' dir='ltr'>ludicro</span> <span class='ocrx_word' id='word_1_211' title='bbox 1384 2598 1455 2636; x_wconf 92' lang='lat' dir='ltr'>illo</span> <span class='ocrx_word' id='word_1_212' title='bbox 1488 2597 1698 2646; x_wconf 90' lang='lat' dir='ltr'>colloquio</span> <span class='ocrx_word' id='word_1_213' title='bbox 1755 2588 1758 2591; x_wconf 44' lang='lat'>⁵</span> 
     </span>
     <span class='ocr_line' id='line_1_27' title="bbox 125 2672 1610 2722; baseline 0.005 -12"><span class='ocrx_word' id='word_1_214' title='bbox 125 2672 368 2711; x_wconf 87' lang='lat' dir='ltr'>accuratius</span> <span class='ocrx_word' id='word_1_215' title='bbox 400 2673 675 2722; x_wconf 90' lang='lat' dir='ltr'>aspiciamus.</span> <span class='ocrx_word' id='word_1_216' title='bbox 1608 2675 1610 2677; x_wconf 69' lang='grc'><strong><em>’</em></strong></span> 
     </span>
    </p>

    <p class='ocr_par' dir='ltr' id='par_1_11' title="bbox 184 2749 1561 2800">
     <span class='ocr_line' id='line_1_28' title="bbox 184 2749 1561 2800; baseline 0.002 -13"><span class='ocrx_word' id='word_1_217' title='bbox 184 2758 248 2788; x_wconf 88' lang='lat' dir='ltr'>vs.</span> <span class='ocrx_word' id='word_1_218' title='bbox 284 2749 383 2788; x_wconf 87' lang='lat'>391.</span> <span class='ocrx_word' id='word_1_219' title='bbox 421 2749 623 2799; x_wconf 87' lang='lat' dir='ltr'>„Magnas</span> <span class='ocrx_word' id='word_1_220' title='bbox 655 2761 757 2790; x_wconf 90' lang='lat' dir='ltr'>vero</span> <span class='ocrx_word' id='word_1_221' title='bbox 790 2761 916 2800; x_wconf 86' lang='lat' dir='ltr'>agere</span> <span class='ocrx_word' id='word_1_222' title='bbox 948 2751 1111 2800; x_wconf 85' lang='lat' dir='ltr'>gratias</span> <span class='ocrx_word' id='word_1_223' title='bbox 1144 2750 1275 2790; x_wconf 86' lang='lat' dir='ltr'>Thais</span> <span class='ocrx_word' id='word_1_224' title='bbox 1307 2751 1476 2791; x_wconf 84' lang='lat' dir='ltr'>mihi?&#39;’</span> <span class='ocrx_word' id='word_1_225' title='bbox 1560 2768 1561 2771; x_wconf 39' lang='lat'>¹</span> 
     </span>
    </p>

    <p class='ocr_par' dir='ltr' id='par_1_12' title="bbox 124 2823 1695 2955">
     <span class='ocr_line' id='line_1_29' title="bbox 124 2823 1695 2876; baseline 0.001 -13"><span class='ocrx_word' id='word_1_226' title='bbox 124 2823 272 2864; x_wconf 86' lang='lat' dir='ltr'>Militis</span> <span class='ocrx_word' id='word_1_227' title='bbox 314 2825 444 2864; x_wconf 91' lang='lat' dir='ltr'>verba</span> <span class='ocrx_word' id='word_1_228' title='bbox 485 2828 586 2866; x_wconf 86' lang='lat' dir='ltr'>sunt</span> <span class='ocrx_word' id='word_1_229' title='bbox 619 2828 747 2876; x_wconf 90' lang='lat' dir='ltr'>atque</span> <span class='ocrx_word' id='word_1_230' title='bbox 779 2837 830 2866; x_wconf 90' lang='lat' dir='ltr'>ea</span> <span class='ocrx_word' id='word_1_231' title='bbox 866 2827 1006 2876; x_wconf 90' lang='lat' dir='ltr'>prima</span> <span class='ocrx_word' id='word_1_232' title='bbox 1042 2827 1253 2866; x_wconf 90' lang='lat' dir='ltr'>Parmeno</span> <span class='ocrx_word' id='word_1_233' title='bbox 1291 2827 1463 2876; x_wconf 82' lang='lat' dir='ltr'>excipit.</span> <span class='ocrx_word' id='word_1_234' title='bbox 1502 2827 1695 2866; x_wconf 87' lang='lat' dir='ltr'>Annotat</span> 
     </span>
     <span class='ocr_line' id='line_1_30' title="bbox 125 2900 1690 2955; baseline 0.001 -14"><span class='ocrx_word' id='word_1_235' title='bbox 125 2900 387 2941; x_wconf 84' lang='lat' dir='ltr'>Scholiasta:</span> <span class='ocrx_word' id='word_1_236' title='bbox 420 2902 542 2951; x_wconf 86' lang='lat' dir='ltr'>„plus</span> <span class='ocrx_word' id='word_1_237' title='bbox 569 2905 695 2942; x_wconf 86' lang='lat' dir='ltr'>sonat</span> <span class='ocrx_word' id='word_1_238' title='bbox 722 2902 961 2943; x_wconf 85' lang='lat' dir='ltr'>infinitivus</span> <span class='ocrx_word' id='word_1_239' title='bbox 978 2903 1133 2942; x_wconf 87' lang='lat' dir='ltr'>modus</span> <span class='ocrx_word' id='word_1_240' title='bbox 1159 2902 1323 2942; x_wconf 88' lang='lat' dir='ltr'>finito.”</span> <span class='ocrx_word' id='word_1_241' title='bbox 1341 2903 1446 2953; x_wconf 92' lang='lat' dir='ltr'>Hoc,</span> <span class='ocrx_word' id='word_1_242' title='bbox 1465 2904 1513 2942; x_wconf 91' lang='lat' dir='ltr'>ut</span> <span class='ocrx_word' id='word_1_243' title='bbox 1530 2903 1690 2955; x_wconf 81' lang='lat' dir='ltr'>opinor,</span> 
     </span>
    </p>
   </div>
  </div>
 </body>
</html>
