2002 3464
1020 398 1100 439 132

338 521 370 570 Ι,
391 522 428 570 2,
450 522 487 559 2.
516 521 565 559 In
591 531 720 560 scena
741 522 859 561 solus
875 525 1071 563 remanet
1088 535 1222 564 senex
1238 527 1366 574 atque
1382 527 1443 566 ita
1459 537 1607 566 secum
1623 528 1834 577 loquitur:

541 598 635 636 Non
668 598 843 637 dubium
877 600 943 638 est
974 599 1077 647 quin
1107 611 1287 640 uxorem
1318 595 1426 642 nolit
1455 602 1591 642 filius:

543 673 609 711 Ita
640 672 809 712 Davum
840 674 967 713 modo
999 674 1153 715 timere
1185 677 1312 726 sensi,
1346 678 1418 716 ubi
1450 678 1622 726 nuptias

419 800 424 804 ¹
543 747 727 786 Futuras
760 758 855 787 esse
886 748 1006 788 vidit.

334 823 400 862 Ad
442 823 523 861 ita
563 823 719 862 modo
757 825 1012 863 annotatum
1044 825 1310 866 invenimus:
1347 830 1690 878 „Argumentum
1721 830 1833 879 quod

275 908 404 946 supra
450 898 501 936 ab
544 909 592 937 eo
639 900 750 947 quod
791 900 926 938 nostri
968 900 1172 940 faciunt.'’
1206 902 1412 952 Corrupta
1443 905 1569 953 haec;
1603 906 1833 954 requiritur

273 974 383 1012 fere:
421 976 751 1023 „argumentum
784 975 999 1014 sumimus
1031 976 1082 1015 ab
1115 987 1163 1016 eo
1195 979 1306 1026 quod
1336 979 1483 1018 hostes
1514 981 1720 1036 faciunt?
1751 982 1832 1022 hoc

273 1061 425 1089 sensu:
463 1051 532 1099 „in
564 1052 682 1090 omni
714 1052 948 1090 certamine
980 1052 1094 1091 idem
1125 1052 1217 1095 fieri
1248 1055 1358 1094 solet
1390 1057 1500 1103 quod
1532 1057 1576 1095 in
1606 1057 1731 1107 bello,
1758 1059 1830 1099 ubi

273 1125 497 1174 diligenter
543 1127 815 1175 speculamur
862 1128 1063 1175 quidquid
1104 1128 1266 1168 faciunt
1306 1130 1465 1180 hostes,
1499 1133 1547 1170 ut
1578 1133 1675 1171 inde
1707 1133 1829 1173 effici-

272 1212 397 1241 amus
424 1203 495 1250 qui
522 1203 580 1241 sit
605 1213 809 1251 praesens
836 1213 980 1242 rerum
1007 1205 1148 1242 status
1175 1205 1357 1253 quidque
1383 1206 1506 1245 nobis
1527 1208 1585 1246 sit
1602 1209 1827 1256 agendum.

331 1279 370 1316 4.
508 1278 611 1317 Heri
643 1289 813 1327 semper
843 1279 1000 1317 lenitas
1031 1280 1209 1318 verebar
1240 1291 1445 1328 quorsum
1477 1283 1698 1332 evaderet;

269 1352 415 1391 Davus
446 1354 518 1392 ait.
551 1354 816 1392 Annotatur:
852 1354 1076 1402 Semper
1106 1355 1345 1402 lenitas]
1384 1349 1468 1406 „ac
1490 1368 1565 1406 per
1591 1359 1670 1398 hoc
1697 1360 1827 1400 simu-

268 1428 357 1467 lata
388 1439 522 1476 usque
554 1440 667 1468 nunc
697 1429 896 1468 lenitaS.''
926 1430 1098 1469 Sincera
1124 1431 1230 1469 haec
1256 1431 1454 1471 videntur
1481 1434 1607 1481 atque
1635 1435 1696 1474 ita
1722 1436 1826 1475 acci-

267 1504 421 1551 pienda
450 1506 500 1543 ut
530 1515 623 1552 per
654 1505 753 1543 hoc
784 1505 842 1543 sit
873 1505 987 1543 idem
1020 1506 1129 1553 quod
1161 1508 1390 1555 propter
1421 1508 1520 1547 hoc
1552 1511 1824 1559 (propterea);

269 1580 429 1618 etenim
472 1580 596 1626 (mira
637 1591 705 1619 res
747 1581 821 1619 sed
864 1583 977 1626 vera)
1011 1591 1230 1629 semper
1261 1582 1476 1622 lenitas
1508 1585 1570 1623 sic
1601 1586 1827 1627 cohaerere

268 1655 499 1694 arbitratur
542 1656 780 1694 Scholiasta
820 1656 869 1693 ut
901 1666 1119 1704 semper
1150 1656 1237 1695 fere
1270 1657 1470 1696 adiectivi
1499 1659 1702 1708 fungatur
1731 1661 1825 1700 vice

268 1734 400 1775 (more
443 1731 625 1769 Graeco:
669 1729 739 1780 τὴν
770 1736 839 1768 τοῦ
873 1730 1062 1769 δεσπότου
1095 1729 1155 1769 ἀεὶ
1188 1730 1399 1785 πρᾳότητα)
1432 1734 1825 1784 sempiternamque

265 1805 489 1844 lenitatem
521 1817 606 1845 non
636 1816 762 1854 posse
794 1817 879 1845 non
911 1816 1005 1845 esse
1031 1806 1284 1845 simulatam
1315 1808 1438 1847 docet
1468 1809 1521 1847 iis
1548 1820 1657 1858 quae
1683 1811 1822 1851 addit:

267 1882 404 1930 „Nam
450 1892 577 1920 nemo
624 1882 668 1920 in
715 1882 895 1920 diversis
937 1882 1103 1920 actibus
1145 1892 1316 1931 semper
1347 1883 1455 1922 lenis
1488 1886 1566 1934 est,
1599 1885 1683 1924 nisi
1713 1886 1823 1926 forte

262 1955 389 1995 fictus
421 1958 698 1996 assimulator
730 1959 772 1996 et
804 1958 1024 1996 callidus.''

322 2033 360 2071 8.
409 2032 625 2078 Faciet]
679 2033 746 2081 „id
788 2034 854 2071 est
894 2033 1114 2082 irascetur,
1159 2033 1437 2084 denuntiabit,
1470 2035 1709 2083 loquetur.”
1741 2037 1822 2076 Hic

262 2108 627 2146 denuntiabit
664 2109 911 2156 corruptum
943 2107 1101 2157 opinor,
1136 2119 1272 2156 neque
1306 2110 1453 2148 tamen
1485 2111 1584 2158 quid
1615 2122 1820 2160 reponam

262 2183 446 2222 invenio.

320 2260 359 2297 9.
393 2259 557 2297 Falso
589 2258 814 2306 gaudio]
853 2258 1005 2306 „Velut
1038 2269 1092 2297 ex
1123 2259 1186 2297 ira
1213 2261 1255 2297 et
1281 2260 1397 2298 vitae
1424 2260 1540 2299 senis
1557 2261 1817 2302 iracundia.'’

260 2334 466 2382 Corrupta
507 2334 610 2372 haec
650 2344 744 2372 esse
776 2344 902 2372 nemo
934 2344 1019 2372 non
1050 2334 1189 2382 videt;
1223 2335 1330 2373 satis
1363 2337 1508 2374 autem
1540 2337 1648 2375 mihi
1679 2337 1819 2386 placet

257 2410 363 2448 haec
394 2410 659 2448 emendatio:
693 2410 812 2448 velut
843 2409 949 2448 iam
982 2410 1200 2448 evitata
1231 2411 1346 2449 senis
1379 2412 1608 2451 iracundia.

321 2486 385 2523 10.
428 2485 624 2523 Amoto
666 2486 838 2530 metu]
887 2485 998 2534 „ista
1029 2485 1197 2533 singula
1228 2487 1371 2524 sunt.''
1405 2487 1529 2526 Hunc
1562 2498 1657 2527 esse
1689 2499 1814 2528 anno-

256 2560 432 2599 tationis
464 2570 641 2598 sensum
673 2560 842 2608 opinor:
876 2570 960 2598 non
992 2561 1093 2598 sunt
1125 2560 1229 2598 haec
1256 2560 1367 2599 inter
1393 2572 1439 2600 se
1467 2563 1679 2611 iungenda
1704 2574 1763 2612 sp
1776 2575 1812 2603 e-

255 2637 450 2674 rantes
507 2638 701 2674 amoto'
737 2636 908 2684 metu,
958 2646 1060 2674 nam
1107 2637 1149 2673 et
1195 2639 1495 2684 sperantes
1542 2640 1585 2677 et
1631 2641 1813 2679 amoto

254 2712 403 2749 metu
444 2711 684 2749 sententiae
726 2712 827 2748 sunt
863 2711 1058 2749 membra
1089 2721 1173 2748 non
1205 2712 1315 2750 inter
1347 2723 1393 2750 se
1426 2713 1706 2761 dependentia
1737 2715 1812 2754 sed

253 2786 372 2834 paria
404 2787 531 2834 atque
564 2786 756 2824 eiusdem
789 2786 1023 2834 dignitatis.

316 2862 380 2900 14.
414 2862 636 2910 „Graviter
663 2863 992 2909 constanterque
1020 2872 1153 2900 senex
1180 2863 1369 2901 nondum
1386 2874 1432 2902 se
1450 2864 1609 2903 fatetur
1626 2865 1806 2914 credere,

252 2947 329 2974 nec
375 2948 526 2975 verum
574 2938 694 2986 scire,
744 2948 796 2976 ne
843 2939 1017 2976 amittat
1064 2939 1153 2976 vim
1194 2940 1462 2989 vindicaturi,
1506 2941 1543 2978 si
1573 2940 1807 2979 rescierit.’'
