2002 3464
992 358 1073 396 136

248 481 387 519 virtus
429 481 495 519 est
536 480 631 519 vitii
667 481 841 520 nomine
878 481 1073 529 appellet.
1112 481 1230 529 „Ita”
1263 481 1356 530 ipsa
1386 482 1491 520 haec
1523 481 1625 519 sunt
1654 478 1806 519 scholii

248 556 378 595 verba
413 556 646 605 „amatoris
676 567 751 605 per
782 556 927 595 omnia
958 558 1104 595 servat
1135 557 1409 606 conditiones
1443 558 1492 595 ut
1518 555 1700 595 oratorie
1726 555 1806 595 hoc

250 632 425 680 cogatur
471 631 612 670 scelus
658 642 753 671 esse
799 632 837 670 si
882 633 1052 680 pareret
1092 642 1205 671 nunc
1244 633 1396 681 patri.’'
1439 632 1584 680 Neque
1626 630 1707 670 ita
1736 630 1806 670 hic

246 707 474 756 legendum
507 707 631 755 (quod
663 707 706 746 in
732 707 1102 753 Westerhoviana)
1129 717 1266 755 neque
1293 709 1346 746 at
1372 708 1482 756 quod
1509 707 1553 746 in
1579 706 1806 746 Klotziana

247 782 417 832 legitur,
459 783 534 821 sed
576 783 679 832 ira,
723 784 834 831 quod
877 783 1216 822 Stallbaumiana
1256 783 1385 822 habet
1427 786 1581 829 (errore
1621 782 1805 822 fortasse

247 859 519 908 typothetae:
563 859 670 897 nihil
711 859 825 897 enim
869 860 936 898 est
976 859 1086 907 quod
1127 858 1219 898 fieri
1250 861 1460 907 nequeat).
1493 858 1639 897 Unum
1670 858 1807 897 restat

246 934 426 982 vitium3
470 934 592 973 nihili
629 935 745 974 enim
777 936 844 973 est
876 934 1257 984 conditiones,
1291 945 1449 983 proque
1481 945 1530 974 eo
1562 933 1803 983 legendum,

248 1011 358 1058 quod
389 1010 512 1049 unice
545 1012 694 1059 aptum
726 1011 825 1049 huic
856 1011 970 1050 loco:
1005 1011 1447 1050 conversionem.
1516 1014 1525 1021 “

306 1087 361 1125 44
394 1097 456 1134 sq.
534 1086 594 1125 Ut
625 1097 762 1135 neque
793 1097 864 1126 me
897 1087 1158 1126 consuetudo
1178 1083 1326 1134 'neque
1358 1097 1478 1126 amor
1509 1096 1646 1135 neque
1672 1085 1806 1135 pudor

538 1161 821 1201 Commoveat
851 1172 988 1210 neque
1021 1163 1295 1201 commoneat
1324 1163 1373 1200 ut
1404 1172 1574 1200 servem
1603 1160 1766 1200 fidem?

248 1238 367 1277 Sch.:
415 1239 474 1276 ut
519 1247 694 1286 neque
735 1247 816 1276 me
858 1237 1230 1283 consuetudo]
1279 1247 1389 1286 „non
1420 1237 1613 1276 ordinem
1643 1235 1803 1288 reddit;

246 1315 266 1353 f
274 1324 426 1352 erum
459 1313 574 1352 enim
606 1313 744 1352 reddit
775 1313 828 1351 ad
859 1314 1215 1352 mansuetum
1248 1313 1357 1361 quod
1387 1312 1520 1351 etiam
1545 1312 1660 1351 ferae
1686 1322 1803 1351 man-

245 1389 492 1428 suescunt.’'
551 1388 760 1437 Quoniam
816 1389 956 1427 totum
1014 1388 1274 1427 adiectivum
1320 1388 1673 1426 mansuetum
1720 1397 1806 1427 non

245 1465 402 1513 legitur
447 1463 491 1502 in
538 1463 725 1502 Terentii
766 1464 890 1502 textu
931 1463 1005 1502 sed
1048 1463 1092 1501 in
1132 1463 1403 1511 praecedenti
1433 1462 1607 1512 scholio,
1641 1462 1805 1502 scribae

246 1542 316 1580 hic
348 1551 536 1580 errorem
567 1540 701 1579 latere
728 1540 932 1590 suspicor,
960 1540 1273 1588 legendumque
1302 1550 1419 1579 esse:
1452 1539 1496 1588 „f
1505 1549 1657 1578 erum
1689 1539 1804 1578 enim

246 1616 385 1656 reddit
426 1617 478 1655 ad
521 1615 989 1654 consuetudinem
1027 1625 1110 1663 qua
1142 1615 1275 1653 etiam
1306 1615 1421 1653 ferae
1451 1614 1803 1663 mansuescunt‚”

244 1693 294 1731 ut
339 1692 445 1730 haec
490 1691 745 1730 restituatur
791 1690 1056 1729 observatio:
1103 1690 1322 1739 „chiasmo
1363 1690 1499 1728 utitur
1529 1689 1802 1738 Pamphilus:

245 1767 298 1806 ad
338 1766 540 1805 ultimam
582 1765 697 1804 enim
738 1765 890 1814 prioris
932 1765 1058 1804 seriei
1098 1775 1249 1805 vocem
1290 1765 1446 1804 ferus
1487 1764 1708 1804 referenda
1739 1766 1806 1804 est

244 1842 384 1891 prima
415 1841 626 1880 secundae
659 1841 786 1880 seriei
816 1851 902 1880 vox
935 1841 1296 1880 consuetudo.
1329 1841 1461 1880 Ferae
1489 1839 1604 1879 enim
1632 1850 1803 1880 consue-

243 1917 390 1956 tudine
422 1917 774 1956 mansuescunt.’'

909 2085 1054 2124 Aeros
1086 2085 1140 2123 Π.

303 2221 338 2269 1,
377 2220 396 2258 1
442 2218 595 2267 Apud
642 2218 822 2256 forum
871 2228 893 2256 e
940 2217 1088 2256 Davo
1136 2217 1339 2256 audivi.
1389 2218 1522 2266 Saepe
1562 2217 1624 2255 ita
1665 2217 1804 2256 editur

239 2297 402 2335 lemma
452 2295 727 2334 mutilatum:
776 2295 891 2333 recte
939 2294 1011 2332 alii
1057 2295 1154 2343 post
1200 2294 1379 2332 forum
1426 2294 1587 2332 addunt
1631 2293 1800 2332 modo.

240 2371 439 2420 Sequitur
498 2370 614 2409 enim
671 2369 885 2408 scholion:
950 2369 1160 2418 „plurima
1206 2368 1316 2407 dixit
1362 2369 1414 2408 ad
1462 2367 1802 2407 confirmandum

237 2447 431 2496 Byrrhia,
461 2446 628 2494 quando
655 2446 944 2494 interrogatus
971 2447 1048 2495 est,
1079 2456 1104 2484 a
1129 2445 1232 2495 loco,
1269 2455 1294 2484 a
1310 2446 1515 2495 tempore,
1536 2455 1561 2484 a
1576 2445 1800 2494 persona,”

237 2524 286 2562 In
329 2533 410 2571 quo
456 2521 648 2571 „quando
683 2521 972 2569 interrogatus
1005 2521 1098 2559 est’'
1131 2521 1237 2559 nihil
1270 2521 1384 2559 aliud
1416 2521 1483 2559 est
1514 2528 1666 2569 quam:
1703 2520 1801 2570 „ubi

237 2609 338 2637 eum
385 2597 585 2636 dominus
629 2596 892 2645 interrogat”
937 2596 1046 2642 (vide
1088 2606 1195 2644 quae
1227 2596 1278 2634 de
1309 2595 1487 2644 perfecti
1518 2594 1725 2644 temporis
1756 2595 1801 2634 in

237 2673 411 2713 scholiis
458 2683 539 2711 usu
587 2672 913 2711 observavimus
954 2682 993 2720 p.
1038 2672 1130 2720 75);
1174 2682 1199 2710 a
1239 2671 1362 2711 loco
1405 2672 1563 2721 autem,
1607 2682 1633 2710 a
1673 2672 1798 2710 tem-

236 2756 387 2796 pore,
428 2757 454 2785 a
483 2757 726 2796 persona
757 2747 957 2795 loquendi
988 2747 1090 2786 sunt
1120 2746 1331 2786 formulae
1363 2757 1418 2785 ex
1448 2748 1540 2786 arte
1573 2746 1796 2796 rhetorica,

235 2831 340 2869 quas
387 2822 547 2870 optime
594 2822 656 2860 sic
696 2822 908 2861 illustres:
956 2822 1166 2871 „plurima
1209 2822 1318 2860 dixit
1359 2832 1384 2861 a
1415 2822 1534 2861 loco
1575 2823 1618 2861 et
1648 2822 1794 2864 simm.

235 2897 260 2938 i.
291 2907 326 2936 e.
369 2898 556 2949 plurima
597 2900 852 2950 argumenta
894 2898 1014 2948 dixit,
1057 2897 1193 2948 petita
1223 2908 1248 2937 a
1278 2898 1370 2938 loco
1403 2899 1445 2938 et
1476 2898 1650 2938 simm.'’
1683 2897 1798 2937 Petit
