2002 3464
1019 400 1102 438 212

277 526 519 574 Apollodori
561 526 636 564 sed
677 526 819 564 Latini
859 525 996 564 Ennii.
1034 525 1087 564 Et
1118 525 1302 564 fortasse
1334 536 1388 564 ex
1420 527 1569 565 eodem
1600 527 1717 566 fonte
1747 536 1838 576 pro-

277 601 473 639 verbium
506 601 608 639 illud
641 611 723 649 quo
754 601 970 649 parasitus
1002 600 1159 638 utitur:

513 676 621 714 Tute
651 676 732 714 hoc
762 676 935 724 intristi,
969 675 1046 714 tibi
1078 685 1205 714 omne
1237 676 1303 714 est
1335 677 1602 715 exedendum

277 752 501 790 Terentius
542 751 699 800 hausit,
733 751 817 789 nisi
849 751 899 789 de
932 761 1008 789 suo
1040 749 1180 789 finxit.
1214 751 1332 790 Haec
1364 752 1414 790 de
1445 751 1638 790 Eunuchi
1669 751 1763 790 loco
1795 751 1840 791 111

276 827 495 876 Andriam,
540 827 675 874 deque
716 826 839 864 Ennii
881 826 1077 864 versibus
1109 826 1152 864 in
1184 826 1488 865 Phormionem
1522 826 1746 865 translatis
1777 827 1839 866 ita

275 903 397 941 nobis
444 913 469 941 a
516 902 755 941 Scholiasta
795 902 1022 940 traduntur
1062 903 1111 940 ut
1151 902 1295 940 nullus
1338 903 1395 941 sit
1438 903 1659 941 dubitandi
1703 902 1835 942 locus.
1883 944 1887 946 ,

277 978 390 1027 Quae
432 978 469 1016 si
512 978 577 1016 cui
619 987 755 1025 pauca
785 977 1023 1025 videantur,
1058 987 1142 1015 non
1174 987 1251 1024 ego
1284 977 1367 1016 huc
1399 978 1644 1026 confugiam
1675 979 1723 1017 ut
1753 978 1834 1017 for-

275 1056 392 1092 tasse
425 1053 509 1091 alia
540 1064 594 1091 ex
627 1053 707 1091 hoc
738 1062 892 1100 genere
925 1052 1124 1100 exempla
1154 1052 1332 1100 periisse
1366 1052 1528 1091 dicam:
1562 1053 1699 1092 immo
1725 1053 1837 1093 ultro

275 1129 412 1168 fateor
458 1129 579 1177 plura
626 1139 681 1166 ex
723 1128 872 1167 eodem
914 1138 1068 1176 genere
1107 1128 1159 1166 in'
1182 1128 1356 1175 antiquo
1388 1129 1699 1167 commentario
1729 1129 1838 1178 mihi

274 1205 386 1243 lecta
417 1204 550 1242 fuisse
582 1214 667 1242 non
698 1203 845 1252 videri,
881 1203 961 1241 Sed
992 1202 1209 1251 permulta
1241 1202 1336 1251 alia,
1371 1213 1479 1250 quae
1512 1205 1660 1242 tamen
1686 1187 1836 1242 eodem

274 1280 454 1318 tendant
500 1279 657 1327 omnia,
706 1278 820 1316 idem
866 1288 943 1316 nos
990 1278 1135 1316 docet:
1185 1287 1292 1325 quae
1334 1278 1503 1326 singula
1543 1288 1680 1326 neque
1710 1279 1837 1328 plane

275 1356 391 1393 certa
438 1364 574 1402 neque
620 1353 767 1401 magni
808 1353 1019 1391 momenti
1051 1353 1187 1391 videri
1218 1353 1396 1401 possint,
1432 1353 1658 1397 coniuncta
1687 1355 1836 1393 tamen

274 1432 317 1469 et
347 1429 600 1468 firmissima
631 1430 733 1467 sunt
763 1430 806 1467 et
837 1428 1108 1476 gravissima.
1142 1428 1314 1467 Etenim
1346 1429 1682 1477 quotiescunque
1710 1430 1834 1469 Schoss

274 1506 402 1544 liasta
433 1505 681 1543 Terentium
717 1504 893 1553 „mire,''
926 1503 1223 1552 „artificiose”
1252 1504 1476 1551 scripsisse
1502 1504 1674 1554 iudicat,
1703 1505 1834 1543 simul

275 1581 382 1619 mihi
413 1578 654 1628 significare
684 1580 853 1618 videtur
885 1589 984 1617 eum
1009 1579 1094 1616 illis
1120 1579 1225 1617 locis
1253 1578 1304 1616 ab
1332 1579 1570 1626 exemplari
1595 1589 1673 1618 suo
1699 1589 1832 1618 reces-

275 1657 397 1695 sisse.
454 1656 771 1703 Nonnunquam
826 1654 998 1693 disertis
1054 1654 1157 1692 illud
1214 1654 1317 1692 dicit
1373 1654 1528 1702 verbis.
1585 1654 1651 1693 Ad
1702 1654 1832 1693 Andr.

274 1732 322 1781 V,
358 1733 396 1781 3,
433 1733 510 1770 20:

568 1807 744 1856 Domus,
779 1817 899 1855 uxor,
933 1805 1054 1844 liberi
1085 1805 1251 1843 inventi
1283 1805 1418 1843 invito
1450 1805 1571 1853 patre

274 1885 529 1922 annotatum
570 1882 838 1921 invenimus:
873 1881 1009 1930 „mira
1039 1881 1252 1928 gravitate
1284 1890 1438 1918 sensus
1471 1881 1610 1919 elatus
1642 1881 1720 1929 est,
1754 1890 1833 1919 nec

274 1959 324 1997 de
356 1959 597 2007 Menandro,
632 1958 706 1997 sed
737 1957 956 2006 proprium
988 1955 1220 1994 Terentii.'’

332 2034 398 2073 Ad
428 2034 548 2072 Adel.
581 2033 651 2081 IV,
687 2034 735 2071 7:

1069 2107 1169 2155 Ipsa
1199 2106 1236 2144 si
1270 2106 1412 2154 cupiat
1443 2106 1580 2154 Salus,

510 2184 688 2222 Servare
719 2192 893 2231 prorsus
924 2192 1009 2220 non
1040 2182 1183 2230 potest
1213 2181 1324 2218 hanc
1354 2180 1579 2218 familiam.

277 2260 414 2309 „Hinc
453 2259 553 2297 licet
594 2258 824 2296 aestimare
867 2257 1077 2304 quantum
1119 2257 1162 2294 et
1199 2254 1351 2294 coloris
1383 2256 1426 2292 et
1457 2254 1685 2302 gravitatis
1721 2255 1831 2303 apud

273 2335 521 2373 Terentium
576 2334 633 2372 sit
685 2334 737 2371 ad
783 2332 1072 2370 imitationem
1120 2329 1418 2369 Caecilianam.
1468 2329 1574 2368 Vide
1621 2331 1830 2378 quantum

273 2410 454 2449 creverit
485 2420 510 2448 a
541 2408 841 2457 superioribus,
875 2409 924 2445 ut
954 2407 1016 2445 510
1047 2405 1231 2444 finiret.”

332 2485 554 2524 Gertiusne
596 2484 827 2532 quidquam
869 2482 1046 2531 cogitari
1086 2481 1259 2529 potest?
1302 2480 1450 2518 Nonne
1483 2481 1599 2519 0111111
1629 2481 1700 2520 hic
1730 2480 1827 2520 Cae-

272 2561 368 2599 cilio
400 2560 625 2608 opponitur
656 2558 881 2597 Terentius
911 2559 1136 2604 tamquam
1161 2554 1275 2594 fideli
1301 2556 1524 2603 interpreti
1549 2557 1676 2604 poeta
1700 2567 1829 2597 verus

273 2636 512 2685 propriique
555 2634 706 2674 coloris
747 2634 938 2672 vindex?
969 2633 1116 2671 Nonne
1148 2631 1228 2669 hoc
1259 2630 1362 2669 dicit
1394 2631 1644 2680 Scholiasta,
1677 2631 1827 2670 Teren-

272 2712 395 2760 tium,
430 2721 528 2749 cum
559 2710 647 2748 iam
679 2709 730 2747 ab
763 2708 883 2746 initio
915 2707 1048 2746 libera
1078 2706 1223 2744 mente
1255 2705 1572 2753 exemplaribus
1602 2706 1693 2744 suis
1723 2716 1828 2745 usus

273 2789 400 2836 esset,
433 2786 699 2824 uberrimum
730 2783 858 2822 huius
890 2782 1055 2821 consilii
1087 2780 1249 2828 cepisse
1280 2780 1469 2818 fructum
1502 2791 1600 2819 cum
1626 2781 1827 2819 ultimam

272 2862 477 2901 scriberet
507 2860 729 2899 fabulam?

332 2938 384 2975 Et
425 2934 787 2984 quemadmodum
829 2933 1009 2972 Caecilio
1049 2931 1130 2979 hic,
1174 2931 1234 2969 ita
1265 2930 1366 2968 alibi
1397 2930 1547 2968 Plauto
1579 2930 1824 2968 Terentium
