2002 3464
1019 400 1103 439 202

341 520 394 569 Π,
432 521 467 570 1,
505 522 555 559 11
589 531 679 570 sqq.

401 595 688 645 Quamobrem
720 608 882 649 omnes,
918 609 1051 647 quum
1083 600 1293 639 secundae
1325 611 1393 640 res
1424 603 1526 640 sunt
1556 602 1762 653 maxime,

1444 678 1554 723 [tum
1584 678 1778 718 maxime

400 747 594 786 Meditari
625 759 773 788 secum
805 752 971 799 oportet
1003 762 1085 799 quo
1116 753 1240 800 pacto
1266 752 1494 792 advorsam
1526 763 1780 792 aerumnam

1581 829 1747 875 [ferant.

399 898 574 949 Pericla‚
603 900 772 951 damna,
792 901 923 940 exilia
938 913 1114 951 peregre
1131 903 1298 942 rediens
1315 914 1484 952 semper
1501 914 1650 943 secum
1666 904 1837 954 cogitet.

283 974 508 1022 Semper
549 975 787 1023 cogitet]
826 987 877 1025 „a
907 977 1113 1025 singulari
1145 978 1197 1016 ad
1227 978 1436 1026 pluralem
1467 980 1665 1019 transit.”
1698 980 1838 1019 Immo

282 1059 307 1087 a
338 1050 549 1097 plurali
581 1051 643 1088 ad
675 1051 1038 1099 singularem.

342 1125 410 1164 22.
451 1125 585 1174 Quid
613 1136 805 1165 cessas
833 1127 1113 1167 hominem
1143 1129 1342 1175 adire?]
1376 1129 1507 1179 „bene
1535 1122 1690 1170 adir'e
1716 1131 1839 1179 quasi

244 1212 254 1219 ·
281 1201 516 1239 terribilem
548 1202 590 1240 et
621 1203 954 1250 pugnaturum.’'
987 1203 1189 1242 Potestne
1220 1206 1341 1252 pater
1367 1204 1444 1243 filii
1471 1206 1676 1244 delictum
1702 1216 1838 1255 repre-

280 1276 471 1315 hendens
511 1287 757 1325 pugnare
799 1278 912 1316 dici?
948 1279 1060 1327 Lego
1091 1281 1448 1328 purgaturus.
1482 1280 1653 1319 Etenim
1685 1280 1839 1320 adire

281 1353 347 1390 est
397 1362 573 1390 causam
625 1353 817 1403 dicentis,
867 1354 934 1392 cui
981 1354 1110 1393 iudex
1157 1355 1267 1403 apud
1313 1365 1441 1402 quem
1489 1355 1591 1395 dicit
1636 1355 1840 1396 terribilis

279 1427 460 1466 videtur.
1035 1414 1037 1416 ’
1436 1421 1440 1424 ”

341 1503 408 1541 24.
442 1503 515 1542 Ph.
549 1504 605 1542 Mi
635 1505 785 1552 patrue
818 1505 949 1543 salve.
984 1504 1054 1543 De.
1089 1505 1226 1554 Salve,
1260 1506 1334 1544 sed
1365 1506 1438 1544 ubi
1465 1507 1530 1545 est
1559 1506 1779 1556 Antipho?

341 1578 461 1618 Sch.:
513 1579 644 1627 „bene
691 1580 905 1628 expressit
948 1582 1194 1629 promptum
1241 1581 1434 1619 animum
1476 1582 1528 1620 ad
1568 1582 1837 1633 litigandum,

280 1654 439 1702 partim
481 1655 625 1693 addita
655 1655 794 1693 salute
827 1656 870 1693 et
901 1656 1043 1703 potius
1075 1655 1127 1693 ad
1159 1656 1345 1704 iurgium
1377 1657 1726 1704 praevertendo.”
1757 1657 1839 1697 Pro

279 1729 485 1777 partim
541 1730 782 1768 rectissime
838 1730 1164 1769 Westerhovius
1220 1731 1426 1779 raptim
1479 1732 1710 1781 rescripsit.
1759 1732 1840 1771 Sed

279 1805 475 1852 superest
520 1805 688 1844 vitium.
737 1805 831 1844 Non
878 1806 994 1844 enim
1041 1806 1196 1844 addit
1244 1806 1442 1856 salutem,
1492 1807 1567 1845 sed
1614 1817 1640 1846 a
1683 1807 1840 1846 salve

279 1879 476 1926 loquendi
517 1880 621 1919 facit
651 1881 836 1919 initium.
871 1881 981 1929 Lege
1014 1892 1112 1929 ergo
1144 1882 1349 1929 raptim
1381 1882 1607 1921 reddita
1638 1882 1837 1922 salute.

339 1955 407 1993 29.
452 1955 759 1994 sollertissima
795 1956 1070 1994 simulatione
1103 1958 1146 1995 et
1177 1957 1299 1995 vultu
1331 1957 1382 1995 ad
1415 1957 1695 1996 severitatem
1728 1967 1838 1997 com-

278 2030 417 2078 posito
457 2031 636 2070 fratrem
677 2032 917 2080 patruelem
958 2032 1166 2071 Phaedria
1208 2032 1407 2071 defendit.
1452 2033 1704 2072 Admiratur
1740 2043 1839 2072 eum

280 2105 387 2144 Geta
432 2106 499 2144 his
545 2107 700 2156 verbis,
749 2091 857 2155 quae
904 2108 1122 2146 submissa
1167 2119 1271 2147 voce
1313 2108 1436 2147 dicit:
1480 2119 1504 2147 o
1548 2109 1840 2148 artificem

279 2181 529 2229 probum!
572 2182 638 2221 Ad
679 2192 787 2230 quae
823 2183 955 2221 verba
987 2184 1238 2222 annotatur:
1276 2182 1491 2234 „sipoevst'a‚
1523 2194 1626 2222 nam
1657 2194 1743 2223 non
1773 2184 1841 2223 est

197 2282 199 2284 ψ
280 2256 435 2295 artifex
468 2257 588 2295 cuius
620 2258 949 2306 deprehenditur
981 2258 1141 2297 iocus.”
1174 2259 1309 2297 Nemo
1337 2259 1406 2297 hic
1432 2259 1596 2297 iocatur
1623 2259 1699 2298 sed
1726 2259 1839 2298 astu-

279 2331 352 2369 tiis
383 2331 648 2380 fallaciisque
680 2343 748 2371 res
780 2333 953 2381 geritur.
988 2334 1099 2382 Lege
1131 2344 1230 2381 ergo
1262 2334 1422 2372 dolus
1453 2344 1528 2382 pro
1560 2334 1730 2373 iocus.

339 2408 408 2446 34.
451 2408 585 2446 Ecce
628 2410 812 2447 autem
855 2409 1074 2447 similia
1105 2409 1312 2454 omnia]
1353 2419 1505 2457 „ecce
1538 2410 1722 2448 autem
1753 2419 1840 2448 vox

280 2485 346 2522 est
383 2485 482 2532 apta
513 2484 592 2533 his,
628 2495 735 2532 quae
767 2495 879 2524 nova
910 2486 953 2523 et
985 2485 1218 2533 improvisa
1250 2484 1394 2523 animo
1426 2485 1665 2525 accidunt.’'
1699 2485 1839 2524 Immo

279 2569 380 2598 vero
413 2560 636 2609 quibus,
670 2570 756 2598 non
787 2570 937 2608 quae.

340 2635 408 2674 57.
451 2634 740 2673 Acerbissime
782 2645 915 2674 senex
956 2635 1018 2674 sic
1054 2645 1228 2674 servum
1260 2645 1285 2673 a
1317 2645 1398 2683 quo
1431 2636 1488 2674 sit
1521 2635 1839 2674 circumventus

281 2710 532 2758 alloquitur:

502 2786 617 2824 Bone
651 2786 807 2835 custos,
842 2786 982 2825 salve:
1018 2786 1215 2825 columen
1245 2796 1346 2824 vero
1378 2786 1580 2835 familiae,

502 2860 577 2899 Oui
610 2861 909 2900 commendavi
940 2860 1079 2900 filium
1109 2861 1209 2899 hinc
1241 2861 1387 2899 abiens
1419 2872 1579 2900 meum.

282 2936 400 2973 Sch.:
452 2966 469 2984 „
490 2936 702 2975 ....Haec
749 2937 1008 2975 conveniunt
1055 2936 1098 2973 in
1145 2946 1217 2974 eas
1258 2945 1463 2984 personas
1505 2945 1611 2983 quas
1642 2935 1836 2983 spectare
