<?xml version="1.0" encoding="UTF-8"?>
<!DOCTYPE html PUBLIC "-//W3C//DTD XHTML 1.0 Transitional//EN"
    "http://www.w3.org/TR/xhtml1/DTD/xhtml1-transitional.dtd">
<html xmlns="http://www.w3.org/1999/xhtml" xml:lang="en" lang="en">
 <head>
  <title>
</title>
<meta http-equiv="Content-Type" content="text/html;charset=utf-8" />
  <meta name='ocr-system' content='tesseract 3.04.00' />
  <meta name='ocr-capabilities' content='ocr_page ocr_carea ocr_par ocr_line ocrx_word'/>
</head>
<body>
  <div class='ocr_page' id='page_1' title='image "./deterentioetdona00hartuoft_0040.png"; bbox 0 0 2002 3464; ppageno 0'>
   <div class='ocr_carea' id='block_1_1' title="bbox 1005 407 1058 444">
    <p class='ocr_par' dir='ltr' id='par_1_1' title="bbox 1005 407 1058 444">
     <span class='ocr_line' id='line_1_1' title="bbox 1005 407 1058 444; baseline 0 0"><span class='ocrx_word' id='word_1_1' title='bbox 1005 407 1058 444; x_wconf 81' lang='lat'>28</span> 
     </span>
    </p>
   </div>
   <div class='ocr_carea' id='block_1_2' title="bbox 243 520 1804 2989">
    <p class='ocr_par' dir='ltr' id='par_1_2' title="bbox 243 520 1804 2989">
     <span class='ocr_line' id='line_1_2' title="bbox 249 520 1804 583; baseline 0.008 -22"><span class='ocrx_word' id='word_1_2' title='bbox 249 520 496 563; x_wconf 77' lang='grc' dir='ltr'><em>Ἠθικώτατα</em></span> <span class='ocrx_word' id='word_1_3' title='bbox 549 526 619 565; x_wconf 93' lang='grc'>1110</span> <span class='ocrx_word' id='word_1_4' title='bbox 670 529 894 567; x_wconf 71' lang='lat' dir='ltr'>vocativus</span> <span class='ocrx_word' id='word_1_5' title='bbox 945 529 1212 570; x_wconf 83' lang='lat' dir='ltr'>Parmeno</span> <span class='ocrx_word' id='word_1_6' title='bbox 1254 532 1508 571; x_wconf 89' lang='lat' dir='ltr'>interiicitur</span> <span class='ocrx_word' id='word_1_7' title='bbox 1549 533 1600 572; x_wconf 90' lang='lat' dir='ltr'>ab</span> <span class='ocrx_word' id='word_1_8' title='bbox 1642 543 1691 572; x_wconf 91' lang='lat' dir='ltr'>eo</span> <span class='ocrx_word' id='word_1_9' title='bbox 1732 534 1804 583; x_wconf 87' lang='lat' dir='ltr'>qui</span> 
     </span>
     <span class='ocr_line' id='line_1_3' title="bbox 253 601 1570 654; baseline 0.007 -16"><span class='ocrx_word' id='word_1_10' title='bbox 253 601 333 638; x_wconf 90' lang='lat' dir='ltr'>sibi</span> <span class='ocrx_word' id='word_1_11' title='bbox 366 602 581 649; x_wconf 78' lang='lat' dir='ltr'>egregiam</span> <span class='ocrx_word' id='word_1_12' title='bbox 613 604 828 650; x_wconf 91' lang='lat' dir='ltr'>quandam</span> <span class='ocrx_word' id='word_1_13' title='bbox 860 605 1116 653; x_wconf 88' lang='lat' dir='ltr'>sapientiam</span> <span class='ocrx_word' id='word_1_14' title='bbox 1147 607 1332 654; x_wconf 88' lang='lat' dir='ltr'>proferre</span> <span class='ocrx_word' id='word_1_15' title='bbox 1363 608 1570 647; x_wconf 90' lang='lat' dir='ltr'>videatur.</span> 
     </span>
     <span class='ocr_line' id='line_1_4' title="bbox 312 678 1803 731; baseline 0.006 -17"><span class='ocrx_word' id='word_1_16' title='bbox 312 686 374 714; x_wconf 88' lang='lat' dir='ltr'>vs.</span> <span class='ocrx_word' id='word_1_17' title='bbox 409 678 625 716; x_wconf 76' lang='lat'>335—42.</span> <span class='ocrx_word' id='word_1_18' title='bbox 658 679 834 727; x_wconf 86' lang='lat' dir='ltr'>Ineptus</span> <span class='ocrx_word' id='word_1_19' title='bbox 860 680 930 718; x_wconf 92' lang='lat' dir='ltr'>ille</span> <span class='ocrx_word' id='word_1_20' title='bbox 961 691 1095 719; x_wconf 80' lang='lat' dir='ltr'>senex</span> <span class='ocrx_word' id='word_1_21' title='bbox 1121 682 1208 720; x_wconf 91' lang='lat' dir='ltr'>iam</span> <span class='ocrx_word' id='word_1_22' title='bbox 1235 693 1289 720; x_wconf 83' lang='lat' dir='ltr'>ex</span> <span class='ocrx_word' id='word_1_23' title='bbox 1314 683 1542 731; x_wconf 90' lang='lat' dir='ltr'>longinquo</span> <span class='ocrx_word' id='word_1_24' title='bbox 1569 683 1803 723; x_wconf 82' lang='lat' dir='ltr'>Chaeream</span> 
     </span>
     <span class='ocr_line' id='line_1_5' title="bbox 252 752 1803 805; baseline 0.006 -16"><span class='ocrx_word' id='word_1_25' title='bbox 252 752 497 801; x_wconf 71' lang='lat' dir='ltr'>retinuerat,</span> <span class='ocrx_word' id='word_1_26' title='bbox 542 753 691 793; x_wconf 90' lang='lat' dir='ltr'>deinde</span> <span class='ocrx_word' id='word_1_27' title='bbox 734 765 840 803; x_wconf 88' lang='lat' dir='ltr'>quae</span> <span class='ocrx_word' id='word_1_28' title='bbox 877 755 1054 795; x_wconf 90' lang='lat' dir='ltr'>dicenda</span> <span class='ocrx_word' id='word_1_29' title='bbox 1085 758 1206 795; x_wconf 90' lang='lat' dir='ltr'>erant</span> <span class='ocrx_word' id='word_1_30' title='bbox 1237 768 1366 805; x_wconf 89' lang='lat' dir='ltr'>quam</span> <span class='ocrx_word' id='word_1_31' title='bbox 1397 759 1604 797; x_wconf 78' lang='lat' dir='ltr'>maximis</span> <span class='ocrx_word' id='word_1_32' title='bbox 1636 759 1803 799; x_wconf 81' lang='lat' dir='ltr'>dixerat</span> 
     </span>
     <span class='ocr_line' id='line_1_6' title="bbox 253 827 1800 883; baseline 0.006 -19"><span class='ocrx_word' id='word_1_33' title='bbox 253 827 516 875; x_wconf 78' lang='lat' dir='ltr'>ambagibus.</span> <span class='ocrx_word' id='word_1_34' title='bbox 559 829 738 868; x_wconf 88' lang='lat' dir='ltr'>Balbam</span> <span class='ocrx_word' id='word_1_35' title='bbox 780 831 872 868; x_wconf 88' lang='lat' dir='ltr'>eius</span> <span class='ocrx_word' id='word_1_36' title='bbox 912 831 1217 878; x_wconf 80' lang='lat' dir='ltr'>loquacitatem</span> <span class='ocrx_word' id='word_1_37' title='bbox 1258 832 1394 880; x_wconf 90' lang='lat' dir='ltr'>lepide</span> <span class='ocrx_word' id='word_1_38' title='bbox 1436 832 1623 872; x_wconf 84' lang='lat' dir='ltr'>Chaerea</span> <span class='ocrx_word' id='word_1_39' title='bbox 1648 835 1800 883; x_wconf 82' lang='lat' dir='ltr'>refert3</span> 
     </span>
     <span class='ocr_line' id='line_1_7' title="bbox 255 903 1174 952; baseline 0.009 -13"><span class='ocrx_word' id='word_1_40' title='bbox 255 903 455 951; x_wconf 90' lang='lat' dir='ltr'>„tandem</span> <span class='ocrx_word' id='word_1_41' title='bbox 487 904 619 943; x_wconf 87' lang='lat' dir='ltr'>abeo&#39;’</span> <span class='ocrx_word' id='word_1_42' title='bbox 652 905 789 952; x_wconf 91' lang='lat' dir='ltr'>inquit</span> <span class='ocrx_word' id='word_1_43' title='bbox 1170 913 1174 918; x_wconf 90' lang='grc'><strong><em>’</em></strong></span> 
     </span>
     <span class='ocr_line' id='line_1_8' title="bbox 773 982 1562 1033; baseline 0.004 -14"><span class='ocrx_word' id='word_1_44' title='bbox 773 991 901 1029; x_wconf 89' lang='lat' dir='ltr'>quom</span> <span class='ocrx_word' id='word_1_45' title='bbox 933 982 1016 1020; x_wconf 91' lang='lat' dir='ltr'>huc</span> <span class='ocrx_word' id='word_1_46' title='bbox 1046 983 1224 1030; x_wconf 82' lang='lat' dir='ltr'>respicio</span> <span class='ocrx_word' id='word_1_47' title='bbox 1257 983 1309 1021; x_wconf 91' lang='lat' dir='ltr'>ad</span> <span class='ocrx_word' id='word_1_48' title='bbox 1340 983 1562 1033; x_wconf 89' lang='lat' dir='ltr'>virginem,</span> 
     </span>
     <span class='ocr_line' id='line_1_9' title="bbox 487 1044 1582 1098; baseline 0.005 -6"><span class='ocrx_word' id='word_1_49' title='bbox 487 1054 566 1092; x_wconf 88' lang='lat' dir='ltr'>Illa</span> <span class='ocrx_word' id='word_1_50' title='bbox 597 1065 692 1093; x_wconf 90' lang='lat' dir='ltr'>sese</span> <span class='ocrx_word' id='word_1_51' title='bbox 724 1044 887 1095; x_wconf 87' lang='lat' dir='ltr'>interea</span> <span class='ocrx_word' id='word_1_52' title='bbox 919 1058 1193 1096; x_wconf 89' lang='lat' dir='ltr'>commodum</span> <span class='ocrx_word' id='word_1_53' title='bbox 1224 1058 1307 1097; x_wconf 90' lang='lat' dir='ltr'>huc</span> <span class='ocrx_word' id='word_1_54' title='bbox 1338 1058 1582 1098; x_wconf 84' lang='lat' dir='ltr'>advorterat</span> 
     </span>
     <span class='ocr_line' id='line_1_10' title="bbox 487 1130 1586 1180; baseline 0.005 -12"><span class='ocrx_word' id='word_1_55' title='bbox 487 1130 537 1168; x_wconf 90' lang='lat' dir='ltr'>In</span> <span class='ocrx_word' id='word_1_56' title='bbox 567 1130 678 1169; x_wconf 89' lang='lat' dir='ltr'>hanc</span> <span class='ocrx_word' id='word_1_57' title='bbox 708 1132 902 1170; x_wconf 89' lang='lat' dir='ltr'>nostram</span> <span class='ocrx_word' id='word_1_58' title='bbox 933 1132 1134 1180; x_wconf 85' lang='lat' dir='ltr'>plateam.</span> <span class='ocrx_word' id='word_1_59' title='bbox 1456 1172 1460 1176; x_wconf 76' lang='grc'>,</span> <span class='ocrx_word' id='word_1_60' title='bbox 1584 1171 1586 1173; x_wconf 79' lang='grc'>,</span> 
     </span>
     <span class='ocr_line' id='line_1_11' title="bbox 250 1204 1802 1258; baseline 0.005 -16"><span class='ocrx_word' id='word_1_61' title='bbox 250 1204 331 1242; x_wconf 90' lang='lat' dir='ltr'>Hic</span> <span class='ocrx_word' id='word_1_62' title='bbox 362 1215 526 1253; x_wconf 91' lang='lat' dir='ltr'>quoque</span> <span class='ocrx_word' id='word_1_63' title='bbox 558 1206 602 1244; x_wconf 91' lang='lat' dir='ltr'>in</span> <span class='ocrx_word' id='word_1_64' title='bbox 632 1206 774 1245; x_wconf 88' lang='lat' dir='ltr'>verbis</span> <span class='ocrx_word' id='word_1_65' title='bbox 810 1207 1031 1246; x_wconf 89' lang='lat' dir='ltr'>interea</span> <span class='ocrx_word' id='word_1_66' title='bbox 1068 1209 1409 1248; x_wconf 87' lang='lat' dir='ltr'>commodum</span> <span class='ocrx_word' id='word_1_67' title='bbox 1446 1210 1802 1258; x_wconf 86' lang='lat' dir='ltr'>deprehendimus</span> 
     </span>
     <span class='ocr_line' id='line_1_12' title="bbox 249 1279 1800 1334; baseline 0.005 -17"><span class='ocrx_word' id='word_1_68' title='bbox 249 1279 491 1318; x_wconf 90' lang='lat' dir='ltr'>ubertatem</span> <span class='ocrx_word' id='word_1_69' title='bbox 533 1281 652 1320; x_wconf 89' lang='lat' dir='ltr'>illam</span> <span class='ocrx_word' id='word_1_70' title='bbox 693 1282 920 1321; x_wconf 87' lang='lat' dir='ltr'>verborum</span> <span class='ocrx_word' id='word_1_71' title='bbox 963 1283 1129 1322; x_wconf 89' lang='lat' dir='ltr'>intimis</span> <span class='ocrx_word' id='word_1_72' title='bbox 1160 1285 1320 1323; x_wconf 89' lang='lat' dir='ltr'>mentis</span> <span class='ocrx_word' id='word_1_73' title='bbox 1354 1285 1681 1332; x_wconf 88' lang='lat' dir='ltr'>cogitationibus</span> <span class='ocrx_word' id='word_1_74' title='bbox 1711 1296 1800 1334; x_wconf 88' lang='lat' dir='ltr'>pro-</span> 
     </span>
     <span class='ocr_line' id='line_1_13' title="bbox 249 1356 1741 1406; baseline 0.004 -12"><span class='ocrx_word' id='word_1_75' title='bbox 249 1356 433 1394; x_wconf 86' lang='lat' dir='ltr'>ferendis</span> <span class='ocrx_word' id='word_1_76' title='bbox 466 1357 750 1406; x_wconf 88' lang='lat' dir='ltr'>aptissimam,</span> <span class='ocrx_word' id='word_1_77' title='bbox 786 1358 836 1396; x_wconf 88' lang='lat' dir='ltr'>de</span> <span class='ocrx_word' id='word_1_78' title='bbox 868 1368 951 1406; x_wconf 89' lang='lat' dir='ltr'>qua</span> <span class='ocrx_word' id='word_1_79' title='bbox 987 1359 1068 1397; x_wconf 91' lang='lat' dir='ltr'>alio</span> <span class='ocrx_word' id='word_1_80' title='bbox 1100 1360 1191 1398; x_wconf 93' lang='grc'>1000</span> <span class='ocrx_word' id='word_1_81' title='bbox 1222 1360 1360 1398; x_wconf 85' lang='lat' dir='ltr'>fusius</span> <span class='ocrx_word' id='word_1_82' title='bbox 1392 1370 1543 1399; x_wconf 90' lang='lat' dir='ltr'>sumus</span> <span class='ocrx_word' id='word_1_83' title='bbox 1575 1361 1741 1400; x_wconf 88' lang='lat' dir='ltr'>dicturi.</span> 
     </span>
     <span class='ocr_line' id='line_1_14' title="bbox 307 1429 1802 1482; baseline 0.004 -13"><span class='ocrx_word' id='word_1_84' title='bbox 307 1432 529 1482; x_wconf 87' lang='lat' dir='ltr'>Parmeno,</span> <span class='ocrx_word' id='word_1_85' title='bbox 579 1433 630 1471; x_wconf 93' lang='lat' dir='ltr'>de</span> <span class='ocrx_word' id='word_1_86' title='bbox 676 1433 854 1481; x_wconf 87' lang='lat' dir='ltr'>virginis</span> <span class='ocrx_word' id='word_1_87' title='bbox 902 1444 927 1472; x_wconf 92' lang='lat' dir='ltr'>a</span> <span class='ocrx_word' id='word_1_88' title='bbox 973 1434 1160 1474; x_wconf 85' lang='lat' dir='ltr'>Chaerea</span> <span class='ocrx_word' id='word_1_89' title='bbox 1201 1437 1292 1474; x_wconf 86' lang='lat' dir='ltr'>tam</span> <span class='ocrx_word' id='word_1_90' title='bbox 1334 1436 1531 1475; x_wconf 88' lang='lat' dir='ltr'>laudatae</span> <span class='ocrx_word' id='word_1_91' title='bbox 1574 1429 1802 1476; x_wconf 78' lang='lat' dir='ltr'>comitibus</span> 
     </span>
     <span class='ocr_line' id='line_1_15' title="bbox 250 1507 1801 1559; baseline 0.004 -14"><span class='ocrx_word' id='word_1_92' title='bbox 250 1507 423 1546; x_wconf 91' lang='lat' dir='ltr'>edoctus</span> <span class='ocrx_word' id='word_1_93' title='bbox 456 1509 499 1546; x_wconf 93' lang='lat' dir='ltr'>et</span> <span class='ocrx_word' id='word_1_94' title='bbox 530 1518 613 1556; x_wconf 92' lang='lat' dir='ltr'>qua</span> <span class='ocrx_word' id='word_1_95' title='bbox 643 1508 714 1547; x_wconf 89' lang='lat' dir='ltr'>via</span> <span class='ocrx_word' id='word_1_96' title='bbox 745 1509 872 1548; x_wconf 85' lang='lat' dir='ltr'>ierint</span> <span class='ocrx_word' id='word_1_97' title='bbox 904 1510 1084 1559; x_wconf 84' lang='lat' dir='ltr'>cognito,</span> <span class='ocrx_word' id='word_1_98' title='bbox 1118 1521 1223 1549; x_wconf 81' lang='lat' dir='ltr'>mox</span> <span class='ocrx_word' id='word_1_99' title='bbox 1254 1511 1373 1550; x_wconf 88' lang='lat' dir='ltr'>illam</span> <span class='ocrx_word' id='word_1_100' title='bbox 1405 1512 1545 1559; x_wconf 89' lang='lat' dir='ltr'>ipsam</span> <span class='ocrx_word' id='word_1_101' title='bbox 1578 1522 1672 1550; x_wconf 88' lang='lat' dir='ltr'>esse</span> <span class='ocrx_word' id='word_1_102' title='bbox 1704 1522 1801 1551; x_wconf 89' lang='lat' dir='ltr'>eam</span> 
     </span>
     <span class='ocr_line' id='line_1_16' title="bbox 248 1583 1800 1631; baseline 0.003 -10"><span class='ocrx_word' id='word_1_103' title='bbox 248 1583 449 1631; x_wconf 84' lang='lat' dir='ltr'>intelligit</span> <span class='ocrx_word' id='word_1_104' title='bbox 492 1594 598 1631; x_wconf 90' lang='lat' dir='ltr'>quae</span> <span class='ocrx_word' id='word_1_105' title='bbox 639 1584 766 1622; x_wconf 91' lang='lat' dir='ltr'>modo</span> <span class='ocrx_word' id='word_1_106' title='bbox 808 1595 833 1623; x_wconf 91' lang='lat' dir='ltr'>a</span> <span class='ocrx_word' id='word_1_107' title='bbox 869 1585 1091 1623; x_wconf 80' lang='lat' dir='ltr'>Gnathone</span> <span class='ocrx_word' id='word_1_108' title='bbox 1123 1586 1274 1624; x_wconf 87' lang='lat' dir='ltr'>militis</span> <span class='ocrx_word' id='word_1_109' title='bbox 1306 1587 1479 1625; x_wconf 89' lang='lat' dir='ltr'>nomine</span> <span class='ocrx_word' id='word_1_110' title='bbox 1511 1587 1563 1625; x_wconf 92' lang='lat' dir='ltr'>ad</span> <span class='ocrx_word' id='word_1_111' title='bbox 1594 1586 1800 1626; x_wconf 84' lang='lat' dir='ltr'>Thaidem</span> 
     </span>
     <span class='ocr_line' id='line_1_17' title="bbox 247 1659 1799 1711; baseline 0.003 -15"><span class='ocrx_word' id='word_1_112' title='bbox 247 1659 305 1697; x_wconf 91' lang='lat' dir='ltr'>sit</span> <span class='ocrx_word' id='word_1_113' title='bbox 335 1659 588 1698; x_wconf 89' lang='lat' dir='ltr'>introducta.</span> <span class='ocrx_word' id='word_1_114' title='bbox 624 1659 821 1707; x_wconf 81' lang='lat' dir='ltr'>Sequitur</span> <span class='ocrx_word' id='word_1_115' title='bbox 852 1660 970 1699; x_wconf 90' lang='lat' dir='ltr'>locus</span> <span class='ocrx_word' id='word_1_116' title='bbox 995 1662 1407 1711; x_wconf 89' lang='lat' dir='ltr'>praestantissimus,</span> <span class='ocrx_word' id='word_1_117' title='bbox 1437 1661 1507 1709; x_wconf 91' lang='lat' dir='ltr'>qui</span> <span class='ocrx_word' id='word_1_118' title='bbox 1534 1662 1686 1700; x_wconf 90' lang='lat' dir='ltr'>ceteris</span> <span class='ocrx_word' id='word_1_119' title='bbox 1713 1672 1799 1701; x_wconf 90' lang='lat' dir='ltr'>om-</span> 
     </span>
     <span class='ocr_line' id='line_1_18' title="bbox 247 1733 1800 1785; baseline 0.003 -14"><span class='ocrx_word' id='word_1_120' title='bbox 247 1733 371 1771; x_wconf 89' lang='lat' dir='ltr'>nibus</span> <span class='ocrx_word' id='word_1_121' title='bbox 402 1734 558 1772; x_wconf 89' lang='lat' dir='ltr'>melius</span> <span class='ocrx_word' id='word_1_122' title='bbox 590 1734 739 1773; x_wconf 90' lang='lat' dir='ltr'>doceat</span> <span class='ocrx_word' id='word_1_123' title='bbox 770 1736 954 1782; x_wconf 89' lang='lat' dir='ltr'>quantus</span> <span class='ocrx_word' id='word_1_124' title='bbox 986 1736 1043 1774; x_wconf 89' lang='lat' dir='ltr'>sit</span> <span class='ocrx_word' id='word_1_125' title='bbox 1075 1736 1230 1774; x_wconf 82' lang='lat' dir='ltr'>artifex</span> <span class='ocrx_word' id='word_1_126' title='bbox 1260 1738 1386 1785; x_wconf 82' lang='lat' dir='ltr'>poeta</span> <span class='ocrx_word' id='word_1_127' title='bbox 1416 1738 1574 1776; x_wconf 89' lang='lat' dir='ltr'>noster.</span> <span class='ocrx_word' id='word_1_128' title='bbox 1606 1737 1800 1776; x_wconf 85' lang='lat' dir='ltr'>Profecto</span> 
     </span>
     <span class='ocr_line' id='line_1_19' title="bbox 248 1810 1798 1859; baseline 0.003 -12"><span class='ocrx_word' id='word_1_129' title='bbox 248 1810 467 1858; x_wconf 89' lang='lat' dir='ltr'>egregium</span> <span class='ocrx_word' id='word_1_130' title='bbox 499 1811 568 1848; x_wconf 89' lang='lat' dir='ltr'>hic</span> <span class='ocrx_word' id='word_1_131' title='bbox 599 1811 727 1848; x_wconf 88' lang='lat' dir='ltr'>habet</span> <span class='ocrx_word' id='word_1_132' title='bbox 759 1811 1007 1859; x_wconf 78' lang='lat' dir='ltr'>exemplum</span> <span class='ocrx_word' id='word_1_133' title='bbox 1040 1812 1110 1859; x_wconf 92' lang='lat' dir='ltr'>qui</span> <span class='ocrx_word' id='word_1_134' title='bbox 1142 1812 1328 1850; x_wconf 88' lang='lat' dir='ltr'>Terentii</span> <span class='ocrx_word' id='word_1_135' title='bbox 1360 1812 1454 1850; x_wconf 89' lang='lat' dir='ltr'>vult</span> <span class='ocrx_word' id='word_1_136' title='bbox 1483 1812 1656 1851; x_wconf 89' lang='lat' dir='ltr'>laudare</span> <span class='ocrx_word' id='word_1_137' title='bbox 1683 1822 1798 1852; x_wconf 90' lang='lat' dir='ltr'>oeco-</span> 
     </span>
     <span class='ocr_line' id='line_1_20' title="bbox 247 1886 1798 1944; baseline 0.003 -21"><span class='ocrx_word' id='word_1_138' title='bbox 247 1886 461 1934; x_wconf 86' lang='lat' dir='ltr'>nomiam;</span> <span class='ocrx_word' id='word_1_139' title='bbox 496 1886 695 1935; x_wconf 90' lang='lat' dir='ltr'>Terentii,</span> <span class='ocrx_word' id='word_1_140' title='bbox 730 1887 808 1936; x_wconf 90' lang='lat' dir='ltr'>aio,</span> <span class='ocrx_word' id='word_1_141' title='bbox 843 1897 945 1925; x_wconf 92' lang='lat' dir='ltr'>nam</span> <span class='ocrx_word' id='word_1_142' title='bbox 977 1897 1061 1926; x_wconf 91' lang='lat' dir='ltr'>non</span> <span class='ocrx_word' id='word_1_143' title='bbox 1094 1888 1216 1926; x_wconf 90' lang='lat' dir='ltr'>credo</span> <span class='ocrx_word' id='word_1_144' title='bbox 1249 1888 1354 1926; x_wconf 88' lang='lat' dir='ltr'>haec</span> <span class='ocrx_word' id='word_1_145' title='bbox 1385 1889 1530 1927; x_wconf 90' lang='lat' dir='ltr'>omnia</span> <span class='ocrx_word' id='word_1_146' title='bbox 1561 1888 1623 1927; x_wconf 90' lang='lat' dir='ltr'>sic</span> <span class='ocrx_word' id='word_1_147' title='bbox 1648 1889 1692 1927; x_wconf 91' lang='lat' dir='ltr'>in</span> <span class='ocrx_word' id='word_1_148' title='bbox 1718 1889 1798 1944; x_wconf 55' lang='lat' dir='ltr'>Mess</span> 
     </span>
     <span class='ocr_line' id='line_1_21' title="bbox 247 1961 1800 2011; baseline 0.002 -12"><span class='ocrx_word' id='word_1_149' title='bbox 247 1962 398 1999; x_wconf 91' lang='lat' dir='ltr'>nandri</span> <span class='ocrx_word' id='word_1_150' title='bbox 423 1961 567 2000; x_wconf 85' lang='lat' dir='ltr'>fabula</span> <span class='ocrx_word' id='word_1_151' title='bbox 592 1962 738 2011; x_wconf 83' lang='lat' dir='ltr'>fuisse,</span> <span class='ocrx_word' id='word_1_152' title='bbox 769 1964 811 2000; x_wconf 89' lang='lat' dir='ltr'>et</span> <span class='ocrx_word' id='word_1_153' title='bbox 838 1973 911 2001; x_wconf 88' lang='lat' dir='ltr'>cur</span> <span class='ocrx_word' id='word_1_154' title='bbox 937 1973 1022 2001; x_wconf 91' lang='lat' dir='ltr'>non</span> <span class='ocrx_word' id='word_1_155' title='bbox 1049 1963 1220 2001; x_wconf 89' lang='lat' dir='ltr'>credam</span> <span class='ocrx_word' id='word_1_156' title='bbox 1236 1963 1422 2002; x_wconf 84' lang='lat' dir='ltr'>breviter</span> <span class='ocrx_word' id='word_1_157' title='bbox 1439 1963 1591 2002; x_wconf 86' lang='lat' dir='ltr'>dicam.</span> <span class='ocrx_word' id='word_1_158' title='bbox 1609 1963 1800 2003; x_wconf 88' lang='lat' dir='ltr'>Annotat</span> 
     </span>
     <span class='ocr_line' id='line_1_22' title="bbox 248 2037 1799 2088; baseline 0.002 -13"><span class='ocrx_word' id='word_1_159' title='bbox 248 2037 508 2076; x_wconf 81' lang='lat' dir='ltr'>Scholiasta:</span> <span class='ocrx_word' id='word_1_160' title='bbox 557 2038 678 2087; x_wconf 90' lang='lat' dir='ltr'>„vide</span> <span class='ocrx_word' id='word_1_161' title='bbox 716 2048 845 2086; x_wconf 89' lang='lat' dir='ltr'>quam</span> <span class='ocrx_word' id='word_1_162' title='bbox 876 2038 1064 2076; x_wconf 88' lang='lat' dir='ltr'>molliter</span> <span class='ocrx_word' id='word_1_163' title='bbox 1096 2039 1139 2077; x_wconf 86' lang='lat' dir='ltr'>et</span> <span class='ocrx_word' id='word_1_164' title='bbox 1170 2039 1263 2077; x_wconf 92' lang='lat' dir='ltr'>sine</span> <span class='ocrx_word' id='word_1_165' title='bbox 1295 2039 1514 2077; x_wconf 89' lang='lat' dir='ltr'>intellectu</span> <span class='ocrx_word' id='word_1_166' title='bbox 1546 2039 1799 2088; x_wconf 86' lang='lat' dir='ltr'>spectatoris</span> 
     </span>
     <span class='ocr_line' id='line_1_23' title="bbox 247 2099 1798 2163; baseline 0.001 -12"><span class='ocrx_word' id='word_1_167' title='bbox 247 2114 299 2151; x_wconf 90' lang='lat' dir='ltr'>ad</span> <span class='ocrx_word' id='word_1_168' title='bbox 332 2114 574 2161; x_wconf 89' lang='lat' dir='ltr'>argumenti</span> <span class='ocrx_word' id='word_1_169' title='bbox 601 2114 783 2161; x_wconf 90' lang='lat' dir='ltr'>spectati</span> <span class='ocrx_word' id='word_1_170' title='bbox 810 2114 1002 2152; x_wconf 90' lang='lat' dir='ltr'>ordinem</span> <span class='ocrx_word' id='word_1_171' title='bbox 1028 2099 1154 2162; x_wconf 81' lang='lat' dir='ltr'>poeta</span> <span class='ocrx_word' id='word_1_172' title='bbox 1181 2114 1414 2163; x_wconf 86' lang='lat' dir='ltr'>perveniat,</span> <span class='ocrx_word' id='word_1_173' title='bbox 1443 2116 1492 2152; x_wconf 92' lang='lat' dir='ltr'>ut</span> <span class='ocrx_word' id='word_1_174' title='bbox 1519 2114 1570 2152; x_wconf 90' lang='lat' dir='ltr'>de</span> <span class='ocrx_word' id='word_1_175' title='bbox 1596 2114 1798 2153; x_wconf 86' lang='lat' dir='ltr'>Eunucho</span> 
     </span>
     <span class='ocr_line' id='line_1_24' title="bbox 246 2189 1799 2237; baseline 0.002 -11"><span class='ocrx_word' id='word_1_176' title='bbox 246 2189 360 2226; x_wconf 82' lang='lat' dir='ltr'>facta</span> <span class='ocrx_word' id='word_1_177' title='bbox 401 2189 620 2226; x_wconf 88' lang='lat' dir='ltr'>mentione</span> <span class='ocrx_word' id='word_1_178' title='bbox 663 2189 888 2227; x_wconf 90' lang='lat' dir='ltr'>consilium</span> <span class='ocrx_word' id='word_1_179' title='bbox 929 2190 1132 2227; x_wconf 91' lang='lat' dir='ltr'>nascatur</span> <span class='ocrx_word' id='word_1_180' title='bbox 1163 2190 1427 2237; x_wconf 90' lang='lat' dir='ltr'>supponendi</span> <span class='ocrx_word' id='word_1_181' title='bbox 1459 2189 1714 2229; x_wconf 90' lang='lat' dir='ltr'>Chaereae.’&#39;</span> <span class='ocrx_word' id='word_1_182' title='bbox 1746 2190 1799 2229; x_wconf 87' lang='lat' dir='ltr'>Et</span> 
     </span>
     <span class='ocr_line' id='line_1_25' title="bbox 246 2264 1796 2316; baseline 0.001 -15"><span class='ocrx_word' id='word_1_183' title='bbox 246 2264 448 2316; x_wconf 88' lang='lat' dir='ltr'>permulti</span> <span class='ocrx_word' id='word_1_184' title='bbox 490 2265 592 2302; x_wconf 89' lang='lat' dir='ltr'>sunt</span> <span class='ocrx_word' id='word_1_185' title='bbox 632 2264 725 2312; x_wconf 91' lang='lat' dir='ltr'>loci,</span> <span class='ocrx_word' id='word_1_186' title='bbox 769 2264 841 2302; x_wconf 90' lang='lat' dir='ltr'>ubi</span> <span class='ocrx_word' id='word_1_187' title='bbox 882 2264 944 2303; x_wconf 91' lang='lat' dir='ltr'>sic</span> <span class='ocrx_word' id='word_1_188' title='bbox 987 2264 1226 2303; x_wconf 82' lang='lat' dir='ltr'>Scholiasta</span> <span class='ocrx_word' id='word_1_189' title='bbox 1255 2266 1477 2313; x_wconf 85' lang='lat' dir='ltr'>poetam</span> <span class='ocrx_word' id='word_1_190' title='bbox 1508 2265 1577 2303; x_wconf 85' lang='lat' dir='ltr'>vel</span> <span class='ocrx_word' id='word_1_191' title='bbox 1609 2265 1796 2304; x_wconf 90' lang='lat' dir='ltr'>Teren-</span> 
     </span>
     <span class='ocr_line' id='line_1_26' title="bbox 245 2338 1797 2389; baseline 0.002 -13"><span class='ocrx_word' id='word_1_192' title='bbox 245 2338 386 2376; x_wconf 89' lang='lat' dir='ltr'>tium</span> <span class='ocrx_word' id='word_1_193' title='bbox 416 2338 584 2386; x_wconf 89' lang='lat' dir='ltr'>laudat;</span> <span class='ocrx_word' id='word_1_194' title='bbox 617 2349 702 2377; x_wconf 90' lang='lat' dir='ltr'>non</span> <span class='ocrx_word' id='word_1_195' title='bbox 732 2339 812 2377; x_wconf 90' lang='lat' dir='ltr'>hoc</span> <span class='ocrx_word' id='word_1_196' title='bbox 842 2339 1012 2389; x_wconf 87' lang='lat' dir='ltr'>faceret,</span> <span class='ocrx_word' id='word_1_197' title='bbox 1047 2340 1085 2377; x_wconf 89' lang='lat' dir='ltr'>si</span> <span class='ocrx_word' id='word_1_198' title='bbox 1111 2340 1205 2378; x_wconf 90' lang='lat' dir='ltr'>illos</span> <span class='ocrx_word' id='word_1_199' title='bbox 1232 2340 1359 2389; x_wconf 88' lang='lat' dir='ltr'>locos,</span> <span class='ocrx_word' id='word_1_200' title='bbox 1387 2340 1566 2378; x_wconf 89' lang='lat' dir='ltr'>verbum</span> <span class='ocrx_word' id='word_1_201' title='bbox 1593 2339 1643 2378; x_wconf 92' lang='lat' dir='ltr'>de</span> <span class='ocrx_word' id='word_1_202' title='bbox 1668 2340 1797 2380; x_wconf 86' lang='lat' dir='ltr'>verbo</span> 
     </span>
     <span class='ocr_line' id='line_1_27' title="bbox 246 2414 1798 2463; baseline 0.002 -12"><span class='ocrx_word' id='word_1_203' title='bbox 246 2424 511 2463; x_wconf 80' lang='lat' dir='ltr'>expressum,</span> <span class='ocrx_word' id='word_1_204' title='bbox 556 2425 578 2452; x_wconf 90' lang='lat' dir='ltr'>e</span> <span class='ocrx_word' id='word_1_205' title='bbox 619 2414 847 2453; x_wconf 92' lang='lat' dir='ltr'>Menandro</span> <span class='ocrx_word' id='word_1_206' title='bbox 890 2415 971 2460; x_wconf 86' lang='lat' dir='ltr'>(vel</span> <span class='ocrx_word' id='word_1_207' title='bbox 1008 2415 1274 2463; x_wconf 90' lang='lat' dir='ltr'>Apollodoro)</span> <span class='ocrx_word' id='word_1_208' title='bbox 1308 2415 1539 2453; x_wconf 87' lang='lat' dir='ltr'>translatos</span> <span class='ocrx_word' id='word_1_209' title='bbox 1570 2415 1720 2463; x_wconf 89' lang='lat' dir='ltr'>sciret;</span> <span class='ocrx_word' id='word_1_210' title='bbox 1754 2416 1798 2454; x_wconf 92' lang='lat' dir='ltr'>et</span> 
     </span>
     <span class='ocr_line' id='line_1_28' title="bbox 247 2489 1797 2538; baseline 0.001 -11"><span class='ocrx_word' id='word_1_211' title='bbox 247 2499 376 2536; x_wconf 90' lang='lat' dir='ltr'>quam</span> <span class='ocrx_word' id='word_1_212' title='bbox 423 2490 619 2528; x_wconf 88' lang='lat' dir='ltr'>accurate</span> <span class='ocrx_word' id='word_1_213' title='bbox 665 2489 735 2528; x_wconf 92' lang='grc'>1110</span> <span class='ocrx_word' id='word_1_214' title='bbox 783 2489 943 2528; x_wconf 78' lang='lat' dir='ltr'>Graeca</span> <span class='ocrx_word' id='word_1_215' title='bbox 989 2490 1176 2528; x_wconf 88' lang='lat' dir='ltr'>Terentii</span> <span class='ocrx_word' id='word_1_216' title='bbox 1222 2489 1419 2538; x_wconf 83' lang='lat' dir='ltr'>exempla</span> <span class='ocrx_word' id='word_1_217' title='bbox 1459 2490 1561 2528; x_wconf 91' lang='lat' dir='ltr'>nota</span> <span class='ocrx_word' id='word_1_218' title='bbox 1601 2490 1797 2529; x_wconf 90' lang='lat' dir='ltr'>habuerit</span> 
     </span>
     <span class='ocr_line' id='line_1_29' title="bbox 246 2564 1794 2613; baseline 0.001 -11"><span class='ocrx_word' id='word_1_219' title='bbox 246 2564 396 2611; x_wconf 88' lang='lat' dir='ltr'>quavis</span> <span class='ocrx_word' id='word_1_220' title='bbox 427 2564 583 2612; x_wconf 89' lang='lat' dir='ltr'>pagina</span> <span class='ocrx_word' id='word_1_221' title='bbox 614 2566 801 2613; x_wconf 89' lang='lat' dir='ltr'>apparet.</span> <span class='ocrx_word' id='word_1_222' title='bbox 834 2565 928 2602; x_wconf 89' lang='lat' dir='ltr'>Non</span> <span class='ocrx_word' id='word_1_223' title='bbox 959 2566 1051 2603; x_wconf 89' lang='lat' dir='ltr'>tam</span> <span class='ocrx_word' id='word_1_224' title='bbox 1083 2565 1253 2613; x_wconf 89' lang='lat' dir='ltr'>ineptus</span> <span class='ocrx_word' id='word_1_225' title='bbox 1285 2566 1351 2603; x_wconf 85' lang='lat' dir='ltr'>est</span> <span class='ocrx_word' id='word_1_226' title='bbox 1383 2564 1622 2603; x_wconf 88' lang='lat' dir='ltr'>Scholiasta</span> <span class='ocrx_word' id='word_1_227' title='bbox 1647 2566 1696 2603; x_wconf 92' lang='lat' dir='ltr'>ut</span> <span class='ocrx_word' id='word_1_228' title='bbox 1722 2565 1794 2604; x_wconf 92' lang='lat' dir='ltr'>Te-</span> 
     </span>
     <span class='ocr_line' id='line_1_30' title="bbox 244 2638 1795 2687; baseline 0.001 -11"><span class='ocrx_word' id='word_1_229' title='bbox 244 2639 432 2677; x_wconf 88' lang='lat' dir='ltr'>rentium</span> <span class='ocrx_word' id='word_1_230' title='bbox 459 2639 694 2677; x_wconf 86' lang='lat' dir='ltr'>admiretur</span> <span class='ocrx_word' id='word_1_231' title='bbox 720 2640 890 2687; x_wconf 89' lang='lat' dir='ltr'>propter</span> <span class='ocrx_word' id='word_1_232' title='bbox 918 2639 1105 2687; x_wconf 84' lang='lat' dir='ltr'>aliquam</span> <span class='ocrx_word' id='word_1_233' title='bbox 1133 2650 1225 2678; x_wconf 90' lang='lat' dir='ltr'>rem</span> <span class='ocrx_word' id='word_1_234' title='bbox 1252 2649 1277 2677; x_wconf 88' lang='lat' dir='ltr'>a</span> <span class='ocrx_word' id='word_1_235' title='bbox 1297 2639 1423 2687; x_wconf 80' lang='lat' dir='ltr'>poeta</span> <span class='ocrx_word' id='word_1_236' title='bbox 1439 2638 1598 2677; x_wconf 79' lang='lat' dir='ltr'>Graeco</span> <span class='ocrx_word' id='word_1_237' title='bbox 1614 2641 1795 2679; x_wconf 89' lang='lat' dir='ltr'>venuste</span> 
     </span>
     <span class='ocr_line' id='line_1_31' title="bbox 245 2711 1794 2764; baseline 0.001 -12"><span class='ocrx_word' id='word_1_238' title='bbox 245 2715 479 2753; x_wconf 84' lang='lat' dir='ltr'>inventam.</span> <span class='ocrx_word' id='word_1_239' title='bbox 514 2714 653 2753; x_wconf 83' lang='lat' dir='ltr'>Immo</span> <span class='ocrx_word' id='word_1_240' title='bbox 686 2715 883 2753; x_wconf 89' lang='lat' dir='ltr'>omnibus</span> <span class='ocrx_word' id='word_1_241' title='bbox 915 2715 999 2753; x_wconf 89' lang='lat' dir='ltr'>illis</span> <span class='ocrx_word' id='word_1_242' title='bbox 1030 2716 1134 2754; x_wconf 89' lang='lat' dir='ltr'>locis</span> <span class='ocrx_word' id='word_1_243' title='bbox 1167 2715 1404 2754; x_wconf 88' lang='lat' dir='ltr'>Scholiasta</span> <span class='ocrx_word' id='word_1_244' title='bbox 1429 2715 1620 2764; x_wconf 89' lang='lat' dir='ltr'>legentes</span> <span class='ocrx_word' id='word_1_245' title='bbox 1647 2711 1794 2754; x_wconf 85' lang='lat' dir='ltr'>docere</span> 
     </span>
     <span class='ocr_line' id='line_1_32' title="bbox 243 2789 1792 2838; baseline 0.001 -11"><span class='ocrx_word' id='word_1_246' title='bbox 243 2789 412 2828; x_wconf 87' lang='lat' dir='ltr'>videtur</span> <span class='ocrx_word' id='word_1_247' title='bbox 443 2789 661 2828; x_wconf 89' lang='lat' dir='ltr'>Menandri</span> <span class='ocrx_word' id='word_1_248' title='bbox 694 2790 774 2834; x_wconf 86' lang='lat' dir='ltr'>(vel</span> <span class='ocrx_word' id='word_1_249' title='bbox 806 2790 1061 2838; x_wconf 89' lang='lat' dir='ltr'>Apollodori)</span> <span class='ocrx_word' id='word_1_250' title='bbox 1095 2790 1263 2838; x_wconf 88' lang='lat' dir='ltr'>aliquod</span> <span class='ocrx_word' id='word_1_251' title='bbox 1291 2789 1519 2828; x_wconf 88' lang='lat' dir='ltr'>artificium</span> <span class='ocrx_word' id='word_1_252' title='bbox 1547 2800 1572 2828; x_wconf 89' lang='lat' dir='ltr'>a</span> <span class='ocrx_word' id='word_1_253' title='bbox 1598 2790 1792 2829; x_wconf 91' lang='lat' dir='ltr'>Terentio</span> 
     </span>
     <span class='ocr_line' id='line_1_33' title="bbox 245 2864 1792 2914; baseline 0.001 -13"><span class='ocrx_word' id='word_1_254' title='bbox 245 2864 306 2901; x_wconf 92' lang='lat' dir='ltr'>ita</span> <span class='ocrx_word' id='word_1_255' title='bbox 332 2874 426 2902; x_wconf 91' lang='lat' dir='ltr'>esse</span> <span class='ocrx_word' id='word_1_256' title='bbox 452 2866 683 2913; x_wconf 86' lang='lat' dir='ltr'>mutatum,</span> <span class='ocrx_word' id='word_1_257' title='bbox 714 2866 981 2914; x_wconf 81' lang='lat' dir='ltr'>exornatum,</span> <span class='ocrx_word' id='word_1_258' title='bbox 1012 2864 1320 2912; x_wconf 86' lang='lat' dir='ltr'>amplificatum</span> <span class='ocrx_word' id='word_1_259' title='bbox 1346 2866 1394 2903; x_wconf 91' lang='lat' dir='ltr'>ut</span> <span class='ocrx_word' id='word_1_260' title='bbox 1415 2865 1632 2912; x_wconf 87' lang='lat' dir='ltr'>proprium</span> <span class='ocrx_word' id='word_1_261' title='bbox 1658 2864 1792 2912; x_wconf 88' lang='lat' dir='ltr'>ipsius</span> 
     </span>
     <span class='ocr_line' id='line_1_34' title="bbox 244 2937 1790 2989; baseline 0.001 -13"><span class='ocrx_word' id='word_1_262' title='bbox 244 2937 377 2977; x_wconf 88' lang='lat' dir='ltr'>fieret.</span> <span class='ocrx_word' id='word_1_263' title='bbox 422 2939 503 2978; x_wconf 90' lang='lat' dir='ltr'>Sed</span> <span class='ocrx_word' id='word_1_264' title='bbox 544 2940 594 2978; x_wconf 89' lang='lat' dir='ltr'>de</span> <span class='ocrx_word' id='word_1_265' title='bbox 637 2941 727 2978; x_wconf 90' lang='lat' dir='ltr'>toto</span> <span class='ocrx_word' id='word_1_266' title='bbox 759 2940 839 2978; x_wconf 89' lang='lat' dir='ltr'>hoc</span> <span class='ocrx_word' id='word_1_267' title='bbox 870 2941 1121 2988; x_wconf 89' lang='lat' dir='ltr'>argumento</span> <span class='ocrx_word' id='word_1_268' title='bbox 1154 2940 1253 2978; x_wconf 90' lang='lat' dir='ltr'>alibi</span> <span class='ocrx_word' id='word_1_269' title='bbox 1284 2940 1524 2978; x_wconf 88' lang='lat' dir='ltr'>accuratius</span> <span class='ocrx_word' id='word_1_270' title='bbox 1556 2939 1790 2989; x_wconf 87' lang='lat' dir='ltr'>disputabo,</span> 
     </span>
    </p>
   </div>
   <div class='ocr_carea' id='block_1_3' title="bbox 1886 0 1973 51">
    <p class='ocr_par' dir='ltr' id='par_1_3' title="bbox 1886 0 1973 51">
     <span class='ocr_line' id='line_1_35' title="bbox 1886 0 1973 51; baseline 0 3413"><span class='ocrx_word' id='word_1_271' title='bbox 1886 0 1973 51; x_wconf 95' lang='lat' dir='ltr'> </span> 
     </span>
    </p>
   </div>
  </div>
 </body>
</html>
