2002 3464
911 357 993 396 143

167 498 244 538 pro
290 487 430 538 priore
475 484 742 536 opposuit
783 483 1014 523 Klotziana
1055 482 1186 522 habet
1227 483 1551 534 proposuit,
1596 484 1742 524 minus

167 565 285 604 recte
315 574 391 614 pro
423 563 558 603 altero
593 561 875 610 apposuit.

229 640 299 680 26.
346 639 500 679 Verbis
547 638 882 688 „argumentum
923 636 1132 675 falsarum
1178 635 1456 685 nuptiarum'’
1502 636 1743 675 Scholiasta

169 717 213 756 et
258 715 330 756 hic
374 717 419 755 et
465 714 566 754 alibi
606 711 846 762 significat:
890 713 1210 762 argumentum,
1245 722 1328 760 quo
1360 711 1507 751 Davus
1538 722 1645 751 usus
1678 714 1745 751 est

168 792 222 831 ad
267 789 652 832 demonstrandum
699 798 746 827 se
794 788 956 837 optime
1004 788 1243 836 intelligere
1286 787 1390 837 fingi
1433 799 1458 827 a
1500 798 1615 838 sene,
1660 799 1745 827 non

167 867 310 918 parari
344 866 530 916 nuptias.
568 865 662 904 Hoc
688 866 995 913 argumentum
1025 865 1267 904 Scholiasta
1294 865 1375 904 hoc
1401 865 1494 904 loco
1519 865 1621 904 dicit
1650 875 1745 904 esse

167 944 213 984 in
257 943 402 984 verbis
446 941 740 992 paululum
787 941 999 980 obsoni.
1048 941 1306 981 Accuratius
1347 942 1517 985 locutus
1560 943 1677 980 esset
1708 942 1745 980 si

168 1019 374 1060 dixisset:
419 1018 491 1069 „in
530 1018 675 1057 verbis
722 1017 1011 1056 drachmis
1055 1018 1370 1057 obsonatus
1413 1028 1470 1057 es
1512 1018 1744 1056 decem.''

166 1095 339 1136 Etenim
363 1094 657 1145 paululum
685 1093 884 1133 obsoni
911 1093 1058 1132 Davus
1085 1104 1172 1133 non
1198 1094 1309 1132 dixit
1336 1094 1381 1132 in
1409 1093 1619 1142 colloquio
1647 1104 1746 1133 cum

167 1171 354 1229 Simone,
387 1171 463 1210 sed
496 1181 595 1209 cum
622 1169 900 1218 Pamphilum
930 1168 1251 1218 Charinumque
1279 1170 1526 1209 narratione
1554 1181 1634 1209 sua
1651 1180 1745 1209 con-

168 1247 381 1288 solaretur
412 1246 480 1297 (II,
517 1247 555 1296 2,
591 1247 676 1293 23).
1572 1245 1575 1250 ⁴

226 1400 302 1451 III,
331 1401 376 1450 1.
420 1399 582 1440 Scenae
621 1400 729 1439 haec
759 1399 1057 1449 praemittitur
1089 1399 1358 1439 observatio:
1397 1401 1473 1449 „In
1506 1400 1587 1439 hac
1618 1410 1748 1439 scena

167 1487 279 1517 novo
325 1477 453 1516 modo
500 1478 699 1516 cessante
741 1476 860 1516 Davo
903 1476 1068 1516 fallitur
1110 1477 1229 1516 Simo
1262 1488 1338 1526 per
1368 1478 1552 1516 nimiam
1584 1477 1745 1526 sagaci-

80 1574 87 1580 ·
166 1555 306 1594 tatem
362 1554 533 1593 suam.”
590 1553 732 1593 Verba
784 1554 1050 1592 cessante
1097 1553 1246 1593 Davo
1294 1553 1563 1603 significant:
1616 1554 1746 1604 „dum

167 1629 328 1680 DaVuS,
372 1629 444 1678 qui
480 1630 631 1668 tamen
663 1629 707 1667 in
738 1629 820 1668 hac
850 1629 997 1668 fabula
1029 1629 1280 1678 impostoris
1312 1630 1506 1679 fungitur
1537 1630 1744 1679 partibus,

165 1705 353 1755 quiescit
392 1705 643 1754 nullamque
680 1705 812 1744 struit
843 1705 1106 1744 fallaciam.”
1140 1705 1262 1745 Nunc
1294 1716 1435 1746 novo
1467 1707 1624 1746 modo
1657 1706 1746 1745 iun-

167 1782 358 1832 gendum
388 1783 456 1821 est
487 1792 587 1821 cum
618 1782 868 1821 fallitur.
903 1782 972 1820 Sic
1004 1782 1123 1821 enim
1155 1783 1333 1822 demum
1360 1783 1620 1832 praemoniti
1647 1793 1747 1832 pars

168 1858 325 1898 ultima
350 1859 450 1907 apte
474 1858 830 1907 praecedentibus
852 1858 1121 1907 adiungitur:
1145 1859 1216 1908 „in
1233 1859 1386 1898 multis
1404 1859 1522 1898 6111111
1540 1859 1747 1910 οἰκονομία

169 1934 434 1974 comicorum
478 1935 706 1983 poetarum
753 1934 815 1973 ita
860 1945 907 1973 se
954 1934 1086 1974 habet
1119 1936 1183 1978 ‚ut
1230 1946 1333 1975 casu
1376 1937 1499 1985 putet
1530 1937 1748 1985 spectator

170 2010 343 2051 venisse
375 2013 445 2057 (an
476 2010 789 2056 evenisse?)
822 2011 934 2059 quod
962 2011 1139 2050 consilio
1167 2002 1427 2061 scriptorum
1453 2013 1619 2052 factum
1646 2013 1746 2052 sit.”

170 2087 288 2128 Haec
329 2087 478 2127 autem
509 2087 727 2126 sententia
759 2087 803 2126 in
835 2087 1000 2127 deliciis
1033 2089 1100 2127 est
1133 2088 1412 2139 Scholiastae‚
1447 2090 1624 2138 eiusque
1656 2100 1746 2139 pro-

169 2163 369 2204 ferendae
400 2163 672 2203 occasionem
703 2174 800 2203 1310
832 2164 1156 2212 praetermittit.

228 2250 294 2280 vs.
331 2241 368 2280 1.
409 2240 500 2291 „Ex
531 2241 613 2280 hoc
643 2251 857 2292 sermone,
899 2252 1029 2290 quem
1062 2242 1223 2282 habent
1256 2243 1558 2294 ingredientes,
1592 2255 1748 2284 scenae

170 2318 348 2367 apparet
386 2317 667 2367 principium:
709 2318 821 2367 quod
865 2319 981 2358 enim
1027 2319 1210 2370 auditur,
1255 2331 1340 2359 non
1382 2321 1494 2369 quod
1531 2322 1746 2372 incipitur,

170 2393 344 2433 initium
375 2393 566 2434 dicunt.”
600 2394 824 2433 Sententia
850 2396 1021 2444 aperta:
1051 2396 1159 2434 nihil
1187 2396 1303 2435 enim
1336 2397 1406 2436 hic
1437 2399 1638 2437 narratur
1664 2398 1748 2437 nisi

170 2469 350 2509 solitum
389 2469 493 2510 illud
530 2470 582 2509 de
612 2470 737 2510 novis
768 2472 964 2520 personis
998 2472 1042 2511 in
1073 2482 1251 2511 scenam
1282 2474 1604 2525 prodeuntibus,
1638 2486 1748 2523 quae

170 2556 383 2597 sermone,
432 2557 562 2596 quem
608 2547 780 2599 habent,
830 2549 962 2588 simul
1004 2549 1250 2598 significent
1292 2551 1343 2590 de
1375 2562 1458 2600 quo
1491 2554 1747 2601 argumento

171 2624 284 2672 ante,
328 2623 421 2662 sive
462 2623 591 2675 domi,
629 2624 722 2664 sive
755 2624 799 2663 in
832 2625 985 2664 itinere
1015 2625 1184 2665 locutae
1216 2627 1317 2666 sint.
1351 2627 1512 2668 Eodem
1545 2630 1588 2668 et
1619 2640 1746 2669 anno-

170 2699 279 2738 tatio
321 2699 374 2739 ad
416 2710 481 2739 vs.
514 2701 540 2739 4
572 2701 781 2750 pertinet:
816 2702 912 2741 sed
944 2702 1057 2749 hic]
1096 2703 1230 2752 „bene
1262 2704 1352 2743 hic
1383 2706 1432 2743 ut
1463 2706 1665 2745 ostendat
1696 2694 1747 2745 d‘e

171 2775 244 2814 illo
271 2776 372 2814 ante
398 2775 533 2815 fuisse
559 2778 850 2817 sermonem.’'
879 2777 1041 2817 Verum
1069 2780 1269 2828 corrupta
1294 2780 1428 2819 verba
1453 2783 1568 2832 sunt,
1591 2782 1748 2822 ultima

170 2852 428 2901 praesertim
460 2861 564 2891 non
596 2853 735 2900 quod
773 2853 1055 2903 incipitur
1087 2854 1323 2894 initium
1356 2857 1574 2908 dicunt,
1610 2869 1757 2907 neque.

172 2929 418 2968 emendatio
451 2929 494 2967 in
525 2930 726 2978 promptu
759 2931 838 2968 est.
