2002 3464
1011 390 1095 428 226

270 517 407 555 facete
448 514 660 564 significet
700 524 830 563 quam
871 514 1008 553 bonus
1049 514 1107 552 sit
1138 514 1401 563 diligensque
1433 516 1631 555 auditor?
1664 516 1825 566 Quique

269 594 362 631 tam
397 592 504 630 bene
535 590 900 639 tamque-diserte
931 589 1143 638 significet
1174 590 1335 629 domini
1366 591 1637 630 incommoda
1667 602 1714 630 se
1745 591 1827 631 sibi

269 667 390 706 illata
429 667 612 715 putare?
653 666 749 704 Iure
791 665 906 704 enim
947 665 1186 713 meritoque
1221 666 1426 705 vocabulo
1458 667 1668 706 Andria
1697 677 1826 706 suum

270 742 496 791 adscripsit
537 742 674 780 mire
718 741 968 779 Scholiasta.
1012 740 1174 789 Nempe
1215 741 1295 779 hoc
1334 752 1418 780 uno
1449 742 1655 781 vocabulo
1687 742 1826 782 multa

270 818 372 857 dicit
405 818 536 867 Sosia,
571 818 614 856 et
645 818 854 865 quantum
887 816 991 854 illud
1023 817 1081 854 sit
1113 818 1312 855 exortum
1343 818 1591 867 periculum,
1627 818 1670 856 et
1695 827 1826 866 quam

268 895 438 943 penitus
480 895 607 941 atque
647 894 751 942 toto,
794 893 843 931 ut
883 892 1015 941 aiunt,
1053 874 1222 940 pectore
1255 893 1345 931 eius
1376 893 1825 942 persentiscatgravi-

268 971 428 1009 tatem:
462 970 552 1017 ipse
585 969 700 1007 enim
731 970 957 1015 tamquam
989 977 1147 1005 nomen
1178 967 1239 1005 illi
1271 968 1344 1006 dat
1374 968 1573 1016 periculo.

328 1046 447 1083 Idem
479 1044 581 1083 illud
614 1038 716 1094 ἦθος
748 1043 994 1091 agnoscitur
1023 1043 1066 1080 in
1098 1052 1182 1081 uno
1217 1043 1342 1081 verbo
1374 1044 1536 1082 teneo
1569 1054 1650 1092 quo
1675 1054 1740 1083 vs.
1770 1045 1825 1084 85

270 1122 415 1170 utitur,
463 1121 535 1159 ubi
581 1130 730 1158 senem
779 1120 991 1157 dicentem
1039 1119 1203 1157 audivit
1248 1117 1527 1167 „Chrysidem
1570 1119 1826 1159 ...Andriae

268 1198 330 1236 illi
369 1197 411 1235 id
453 1197 545 1235 erat
585 1196 785 1234 nomen.’'
830 1196 910 1234 Sed
941 1195 1082 1243 magis
1114 1195 1246 1233 etiam
1278 1195 1322 1233 in
1353 1195 1427 1234 illa
1456 1205 1608 1233 versus
1643 1195 1723 1234 105
1757 1205 1825 1234 ex·
1845 1195 1855 1203 “

268 1271 524 1311 clamatione
566 1281 660 1320 qua,
694 1271 877 1309 simulac
909 1271 959 1309 de
992 1269 1211 1318 Chrysidis
1241 1271 1380 1308 morte
1414 1270 1589 1319 audivit,
1623 1270 1827 1318 gaudium

267 1359 395 1387 suum
422 1346 700 1386 testificatur:
733 1357 783 1395 „o
809 1346 973 1384 factum
999 1346 1128 1384 bene:
1147 1345 1307 1384 beasti:
1328 1346 1365 1383 ei
1382 1346 1518 1387 metui
1535 1356 1560 1384 a
1577 1345 1826 1394 Chryside.”

325 1424 385 1462 De
412 1423 573 1461 Andria
600 1423 759 1471 autem,
788 1422 885 1470 post
911 1422 1031 1459 illam
1049 1421 1195 1460 Sosiae
1217 1420 1592 1469 exclamationem,
1612 1420 1673 1459 ita
1688 1420 1826 1468 pergit

270 1500 386 1538 Simo
419 1502 496 1545 (vs.
532 1499 586 1537 74
618 1501 747 1546 sqq.):

445 1574 590 1613 Primo
622 1574 728 1612 haec
758 1572 908 1621 pudice
938 1571 1077 1609 vitam
1107 1581 1232 1619 parce
1265 1571 1307 1608 et
1339 1570 1500 1609 duriter
1535 1572 1538 1574 ’

446 1650 624 1698 Agebat,
657 1649 757 1687 lana
788 1658 837 1686 ac
867 1647 954 1685 tela
983 1646 1149 1684 victum
1180 1646 1448 1693 quaeritans:

447 1725 527 1764 Sed
558 1725 786 1773 postquam
819 1732 971 1761 amans
1004 1721 1187 1760 accessit
1217 1721 1404 1769 pretium
1434 1721 1638 1769 pollicens

444 1800 567 1839 Unus
600 1801 643 1838 et
673 1800 780 1837 item
812 1798 946 1836 alter:
979 1797 1041 1836 ita
1071 1798 1120 1835 ut
1150 1796 1416 1845 ingeniumst
1446 1796 1641 1835 omnium

444 1876 682 1915 Hominum
715 1874 765 1913 ab
797 1873 941 1912 labore
971 1872 1158 1921 proclive
1190 1872 1242 1910 ad
1273 1871 1519 1921 lubidinem,

445 1951 622 1999 Accepit
653 1948 952 1997 conditionem,
987 1947 1083 1986 dein
1115 1947 1343 1994 quaestum
1375 1947 1540 1995 occipit.

267 2028 320 2066 Et
365 2026 622 2065 vocabulum
667 2024 880 2063 victum
928 2023 971 2061 et
1017 2022 1196 2060 verbum
1243 2021 1589 2071 quaeritans,
1633 2021 1675 2060 id
1716 2022 1827 2070 quod

267 2103 496 2151 prudenter
523 2101 722 2140 observat
749 2098 999 2147 Scholiasta,
1028 2096 1272 2145 significant
1297 2097 1434 2135 vitam
1456 2095 1676 2145 Chrysidis
1697 2096 1828 2135 simul

266 2177 525 2216 laboriosam
567 2176 700 2214 fuisse
742 2176 785 2213 et
820 2182 1064 2222 pauperem.
1098 2172 1151 2210 Et
1181 2172 1316 2220 perite
1348 2172 1548 2210 annotat:
1585 2181 1711 2220 „cum
1741 2182 1826 2211 uno

268 2253 541 2301 quaestus
573 2262 658 2290 non
690 2251 767 2299 est,
803 2259 901 2288 cum
933 2248 1067 2286 altero
1099 2257 1185 2286 non
1216 2248 1294 2296 est,
1329 2257 1426 2285 cum
1458 2247 1609 2285 multis
1639 2245 1731 2286 fit.”

330 2329 590 2378 „Postquam
632 2325 803 2365 audivi''
847 2324 909 2362 sic
950 2333 1084 2361 senex
1114 2322 1253 2371 pergit
1288 2321 1450 2371 „filium
1480 2332 1647 2370 quoque
1677 2331 1826 2360 meum

267 2405 318 2443 ab
367 2403 518 2442 amicis
565 2402 617 2440 ad
665 2400 919 2448 Chrysidem
958 2398 1213 2447 perductum
1255 2407 1361 2446 esse,
1405 2397 1626 2445 perculsus
1667 2396 1824 2446 animo,

267 2479 506 2518 amicorum
545 2477 717 2515 illorum
748 2485 896 2514 servos
928 2473 979 2512 ab
1012 2483 1062 2511 ea
1092 2473 1298 2511 abeuntes
1330 2472 1623 2521 observabam,
1657 2472 1700 2511 et
1730 2470 1826 2520 quis
1892 2514 1894 2517 v

267 2554 359 2592 heri
400 2552 653 2601 Chrysidem
694 2551 915 2590 habuisset
947 2548 1217 2597 quaerebam.
1250 2548 1390 2596 Atque
1422 2547 1642 2597 Phaedria,
1675 2545 1823 2595 Clinia,

267 2630 464 2668 Nicerato
497 2628 548 2666 ab
580 2627 633 2665 iis
664 2626 899 2665 nominatis
929 2626 1024 2663 tum
1056 2623 1236 2671 denique
1272 2654 1289 2672 ‚,
1298 2624 1390 2673 eho,
1420 2623 1518 2671 quid
1545 2621 1823 2675 Pamphilus”

266 2705 482 2753 rogabam.
516 2702 605 2741 Illi:

1035 2772 1167 2821 quid?
1199 2773 1443 2820 symbolam

488 2855 492 2860 '
561 2852 698 2901 Dedit,
733 2850 943 2890 coenavit.

268 2930 348 2968 Hic
389 2939 566 2977 quoque,
609 2928 658 2965 ut
697 2928 789 2965 tam
831 2925 982 2963 multis
1016 2923 1133 2972 locis,
1168 2923 1355 2961 ostendit
1386 2921 1625 2961 Scholiasta
1656 2920 1822 2969 egregie
