2002 3464
1008 403 1062 442 54

259 532 373 569 certo
410 528 770 578 deprehendatur3
803 538 889 566 non
919 527 1014 566 vult
1045 538 1070 566 a
1101 539 1178 567 suo
1209 529 1340 568 fratre
1372 529 1512 577 aliquo
1544 539 1639 568 esse
1670 529 1812 568 dolore

259 606 459 644 affectam
486 603 705 642 Thaidem.
733 603 842 651 Ergo
858 603 1016 641 iterum
1033 603 1285 644 Eunuchum
1302 605 1447 643 omnia
1463 605 1551 643 iam
1568 605 1812 643 confessum

259 681 504 729 interrogat,
553 689 731 728 sperans
777 678 828 717 ab
875 678 947 717 illo
993 679 1292 718 testimonium
1333 681 1582 719 revocatum
1624 679 1688 718 iri.
1732 679 1813 718 sed

258 756 376 804 prius
407 755 469 794 sic
500 754 712 803 Pythiada
742 754 972 802 alloquitur
1003 755 1079 799 (VS.
1114 754 1236 800 704):

1023 829 1115 878 Age
1145 840 1270 880 nunc,
1303 830 1439 880 belua,

700 904 845 945 Credis
876 904 975 944 huic
1006 905 1116 953 quod
1147 904 1280 943 dicit?

258 984 354 1023 Vox
395 993 494 1031 ergo
534 981 699 1020 belua
738 991 823 1020 non
864 982 956 1019 tam
991 981 1174 1029 agrestis
1211 982 1277 1019 est
1308 991 1438 1029 quam
1468 983 1605 1031 primo
1638 984 1814 1033 aspectu
1860 987 1861 992 ’

257 1060 438 1099 videtur.
1189 1044 1193 1048 ⁴

318 1134 479 1173 Verum
521 1133 671 1172 eadem
713 1141 821 1180 quae
862 1132 990 1170 antea
1030 1132 1312 1181 respondente
1353 1132 1556 1172 Eunucho
1598 1134 1814 1174 exclamat

259 1213 336 1255 (vs.
371 1210 493 1254 709):

377 1283 565 1332 Iuppiter
596 1293 764 1332 magne,
799 1293 822 1321 o
854 1282 1087 1321 scelestum
1119 1283 1246 1330 atque
1278 1283 1484 1322 audacem
1515 1284 1748 1324 hominem.

260 1359 516 1399 Rectissime
564 1358 824 1397 Scholiasta:
872 1357 1133 1406 „Chaeream
1174 1358 1338 1397 scilicet
1377 1359 1446 1398 Vel
1487 1359 1811 1399 Parmenonem.

261 1437 341 1476 Sed
372 1436 434 1474 sic
459 1433 821 1484 pronuntiandum
854 1434 931 1482 est,
965 1434 1014 1471 ut
1044 1433 1166 1481 putet
1197 1433 1351 1472 ancilla
1381 1434 1432 1472 de
1458 1434 1661 1474 Eunucho
1688 1434 1812 1474 dici.”

318 1511 399 1550 Hic
434 1509 612 1558 Pythias
645 1509 743 1554 (709
775 1510 877 1556 sq.):

1092 1583 1181 1623 Vae
1212 1584 1341 1622 mihi:

408 1662 550 1700 Etiam
582 1671 667 1700 non
699 1660 846 1699 credas
877 1659 1063 1708 indignis
1094 1670 1172 1698 nos
1205 1670 1300 1698 esse
1332 1660 1479 1699 irrisas
1510 1661 1682 1700 modis?

259 1738 403 1785 Neque
445 1737 640 1776 credas
681 1745 818 1783 neque
860 1735 1044 1773 credis
1087 1736 1208 1782 (quae
1238 1735 1415 1783 vulgata
1446 1737 1513 1774 est
1543 1736 1682 1782 lectio)
1714 1735 1815 1775 ferri

260 1813 328 1851 hic
359 1813 512 1861 potest.
548 1812 591 1850 Si
624 1811 793 1849 constat
824 1810 871 1848 is
903 1810 947 1848 in
979 1810 1162 1848 credis
1194 1820 1414 1858 nunquam
1446 1811 1631 1860 produci,
1665 1812 1813 1860 putan-

259 1890 361 1927 dum
389 1890 456 1927 est
482 1873 667 1936 graviori
693 1887 799 1926 vitio
826 1887 939 1926 hunc
960 1886 1102 1925 locum
1118 1886 1310 1925 laborare
1328 1888 1371 1925 et
1386 1888 1527 1926 toturn
1551 1887 1814 1926 credendi

258 1964 438 2002 verbum
469 1964 552 2002 huc
583 1974 605 2002 e
636 1973 766 2002 versu
797 1962 992 2011 sequenti
1024 1962 1256 2012 aberrasse,
1290 1963 1340 2001 ut
1369 1972 1473 2001 vera
1502 1962 1628 2001 lectio
1659 1962 1739 2001 sit:

407 2039 492 2078 710
523 2039 666 2077 Etiam
695 2040 744 2077 tu
774 2048 906 2086 negas
938 2038 1123 2087 indignis
1154 2048 1232 2077 nos
1265 2048 1359 2077 esse
1390 2031 1537 2077 irrisas
1568 2038 1739 2077 modis?

407 2115 488 2153 711
523 2115 679 2153 Mirum
709 2114 753 2152 ni
786 2114 922 2152 credis
954 2114 1064 2162 quod
1095 2113 1177 2152 iste
1210 2113 1335 2152 dicat.

317 2190 507 2228 Tandem
529 2190 581 2228 ad
598 2190 752 2228 incitas
769 2190 966 2228 redactus
983 2189 1191 2228 Phaedria
1208 2189 1319 2228 clam
1336 2189 1388 2227 ad
1404 2189 1657 2228 Eunuchum
1675 2190 1788 2236 (712)
1803 2202 1812 2229 :

261 2267 393 2315 „heus
435 2265 589 2314 negato
630 2265 845 2314 rursum,''
889 2265 932 2303 et
973 2264 1119 2313 signis,
1163 2274 1188 2303 a
1229 2264 1437 2312 Pythiade
1473 2274 1663 2314 aversus,
1697 2265 1814 2304 iubet

257 2341 511 2380 Eunuchum
543 2351 698 2389 negare
731 2350 839 2388 quae
870 2340 997 2378 modo
1029 2339 1216 2388 agnovit.
1251 2339 1360 2377 Tum
1393 2339 1506 2378 clara
1536 2350 1662 2378 voce:
1694 2351 1811 2390 „pos-

257 2427 410 2455 sumne
466 2427 543 2464 ego
599 2416 723 2454 hodie
781 2425 834 2454 ex
880 2416 922 2454 te
971 2415 1218 2463 exsculpere
1264 2425 1415 2453 verum
1428 2416 1475 2453 ‘?’'
1523 2415 1604 2455 Hic
1650 2416 1812 2455 hodie

255 2492 463 2530 minantis
504 2492 778 2539 iracundique
820 2492 897 2530 est.
942 2491 1082 2539 Atque
1122 2491 1194 2529 ubi
1238 2491 1413 2539 negavit
1443 2491 1673 2531 Eunuchus
1705 2503 1812 2540 quae

255 2577 410 2615 negare
437 2567 580 2605 iussus
607 2568 685 2616 est,
715 2576 863 2605 secum
890 2577 989 2605 eum
1016 2566 1191 2605 domum
1218 2566 1351 2605 trahit
1373 2567 1495 2614 quasi
1512 2567 1563 2605 ad
1580 2568 1808 2607 tormenta.

258 2642 304 2691 „I
335 2642 447 2681 intro
478 2642 708 2681 nunciam”
745 2641 961 2680 exclamat
991 2640 1092 2680 ficta
1122 2641 1351 2691 iracundia,
1387 2643 1430 2680 et
1455 2642 1686 2682 Eunuchus
1712 2641 1810 2683 ficto

255 2718 433 2756 timore:
471 2717 621 2766 „oiei.’'
1407 2707 1418 2712 '⁵

314 2793 412 2831 Sola
438 2793 586 2832 relicta
613 2803 711 2831 cum
738 2792 917 2832 Doriade
939 2792 1118 2841 Pythias
1135 2791 1349 2840 significat
1365 2803 1412 2832 se
1428 2793 1556 2841 probe
1573 2792 1810 2840 intelligere

254 2869 533 2907 Parmenonis
576 2868 698 2907 illum
738 2869 871 2907 fuisse
914 2868 1070 2907 dolum.
1111 2867 1216 2916 Quid
1248 2868 1305 2906 sit
1337 2869 1550 2916 agendum
1581 2868 1807 2907 Doriadem

254 2945 388 2991 rogat.
426 2944 559 2992 „Rem
590 2945 712 2983 tace’'
746 2944 818 2982 illa
850 2944 910 2983 ait
941 2944 984 2982 et
1016 2943 1111 2988 (721
1147 2945 1276 2991 sqq.):
