2002 3464
998 388 1081 426 230

261 512 470 559 quantum
518 511 693 558 periculi
740 512 984 560 impendeat
1031 511 1223 560 patribus
1265 523 1319 550 ex
1357 511 1543 550 filiorum
1587 507 1816 548 amoribus.

260 587 430 625 Etenim
460 587 596 635 gestU,
631 597 747 636 voce,
782 588 880 626 actu
912 587 1201 626 adiuvandum
1233 588 1313 627 hoc
1344 588 1506 626 dictum
1534 586 1612 635 est,
1639 585 1689 622 ut
1714 575 1834 622 haec¹

261 671 316 699 ex
357 672 405 700 eo
448 662 644 700 audiatur
685 662 922 700 sententia:
970 672 1093 710 „ecce
1134 664 1302 701 autem!
1346 663 1458 701 haud
1501 659 1656 699 iniuria
1686 658 1819 698 etiam

261 736 481 785 Chrysidis
512 738 651 775 morte
684 737 864 786 cognita,
899 738 1047 776 tamen
1077 739 1244 776 metum
1276 748 1361 777 non
1391 736 1662 786 posueram”.
1694 734 1748 773 Et
1771 734 1822 772 ut

261 813 425 851 malum
468 813 636 860 aliquod
679 812 729 850 ab
767 812 840 850 illa
874 813 1244 861 „adolescentula”
1277 814 1490 852 metueret
1520 811 1700 850 libertus
1729 808 1821 858 ipse

260 889 466 936 patronus
498 888 639 926 effecit
666 888 856 926 addendo
884 889 1093 927 adiectivo
1122 899 1293 938 unam,
1324 899 1418 938 quo,
1447 890 1495 927 ut
1521 887 1656 936 perite
1682 885 1820 924 obser-

262 965 336 1002 vat
370 963 620 1012 Scholiasta,
660 964 948 1011 „consuetudo
980 964 1180 1002 mirantis
1213 964 1510 1012 exprimitur.''

325 1038 531 1087 „Vultum
563 1039 654 1076 eius
686 1039 917 1076 honestum
944 1039 1250 1087 liberalemque
1283 1038 1562 1087 admiratus,”
1595 1037 1658 1075 sic
1688 1045 1822 1074 senex

262 1114 412 1163 pergit,
464 1114 703 1163 „simulque
751 1114 849 1161 quia
895 1114 1003 1152 mihi
1043 1114 1268 1152 videbatur
1309 1114 1467 1162 insigni
1509 1113 1560 1151 ob
1602 1110 1822 1159 Chrysidis

262 1191 448 1228 mortem
481 1190 635 1228 affecta
665 1189 855 1238 tristitia,
885 1200 994 1237 quae
1021 1190 1078 1228 sit
1105 1190 1178 1228 illa
1203 1200 1317 1239 rogo,
1348 1190 1576 1236 auditoque
1603 1185 1822 1235 Chrysidis
1848 1183 1874 1202 '⁴

263 1275 357 1304 esse
389 1275 593 1314 sororem,
627 1265 779 1303 statim
810 1275 983 1303 mecum
1017 1267 1093 1311 (vs.
1132 1266 1212 1304 125
1246 1268 1347 1313 sq.):

1021 1342 1133 1379 attat
1163 1341 1244 1379 hoc
1274 1341 1377 1379 illud
1409 1341 1497 1379 est:

441 1416 552 1455 Hinc
584 1417 682 1454 illae
713 1416 929 1465 lacrimae,
963 1417 1070 1455 haec
1101 1417 1218 1455 illast
1249 1416 1584 1455 misericordia.”

267 1491 482 1540 „Attat”
512 1492 752 1530 Scholiasta
779 1492 839 1530 ait
869 1492 1134 1540 „interiectio
1161 1494 1227 1530 est
1253 1492 1549 1530 admirantis.”
1579 1490 1660 1528 Sed
1685 1489 1822 1528 multo

263 1568 419 1606 melius
452 1569 494 1606 et
525 1569 671 1606 nostro
698 1578 864 1616 quoque
889 1568 981 1606 loco
1009 1568 1150 1616 aptius
1178 1569 1230 1606 ad
1256 1569 1360 1606 Eun.
1388 1578 1452 1606 vs.
1483 1567 1564 1606 727
1595 1566 1645 1604 de
1672 1565 1822 1604 eadem

262 1652 366 1680 voce
408 1644 608 1681 annotat:
656 1644 832 1692 „attat
868 1643 1106 1682 interiectio
1139 1645 1205 1682 est
1236 1643 1446 1692 paulatim
1476 1641 1664 1690 percepti
1695 1641 1824 1688 atque

262 1718 468 1756 intellecti
509 1719 656 1757 mali.”
698 1719 847 1757 Nonne
889 1730 988 1767 ergo
1030 1729 1114 1757 una
1150 1729 1229 1758 nos
1260 1719 1333 1757 illa
1363 1729 1451 1757 vox
1482 1717 1685 1757 admonet
1714 1715 1824 1755 scire

263 1794 306 1831 et
350 1803 605 1840 persuasum
647 1794 728 1832 sibi
769 1794 925 1832 habere
969 1794 1188 1833 Simonem
1230 1793 1376 1833 omnia
1416 1794 1522 1831 haec
1562 1801 1610 1830 se
1650 1799 1823 1829 narrare

260 1869 411 1907 liberto
443 1868 693 1908 fidelissimo
725 1871 875 1918 suique
907 1871 1241 1909 amantissimo?
1271 1870 1417 1918 Neque
1449 1879 1547 1908 eum
1575 1877 1673 1916 spes
1698 1866 1822 1906 fallit.

262 1944 490 1983 Exclamat
516 1946 631 1983 enim
661 1945 781 1984 Sosia
807 1947 1033 1993 tamquam
1059 1946 1216 1994 proprii
1243 1945 1418 1994 periculi
1443 1945 1564 1983 metu
1591 1943 1822 1982 sollicitus:

677 2021 814 2069 Quam
844 2021 978 2059 timeo
1011 2031 1215 2069 quorsum
1248 2021 1421 2060 evadas.

319 2187 372 2225 Et
411 2197 590 2234 possum
631 2187 693 2226 sic
734 2188 841 2226 satis
877 2188 1051 2236 longam
1082 2188 1251 2236 patroni
1281 2187 1574 2226 narrationem
1605 2195 1823 2235 paucaque

261 2273 285 2301 a
325 2263 476 2301 liberto
518 2263 743 2301 interiecta
783 2264 992 2302 vocabula
1031 2264 1240 2313 persequi,
1278 2263 1361 2301 nisi
1392 2262 1501 2301 mihi
1532 2262 1664 2300 nimis
1692 2270 1823 2310 saepe

259 2339 375 2376 esset
406 2339 752 2387 subsistendum;
785 2349 888 2377 nam
921 2340 1031 2387 quod
1063 2340 1115 2377 ad
1146 2349 1209 2378 vs.
1242 2339 1323 2377 132
1353 2339 1531 2377 annotat
1558 2338 1820 2376 Scholiasta:

259 2413 404 2451 omnia
445 2414 502 2451 ibi
542 2414 750 2452 vocabula
791 2415 1200 2462 significanter
1242 2424 1338 2452 esse
1378 2413 1530 2463 posita,
1575 2413 1618 2451 id
1649 2413 1700 2451 de
1730 2412 1821 2451 toto

257 2490 338 2528 hoc
377 2490 468 2528 loco
510 2490 638 2528 valet.
676 2491 818 2537 Atque
849 2491 963 2529 hunc
994 2491 1140 2529 actum
1170 2491 1263 2528 tam
1294 2489 1469 2537 plenum
1500 2489 1629 2538 vitae,
1662 2488 1707 2526 in
1738 2497 1821 2536 quo

257 2575 366 2612 quae
393 2565 591 2603 dicuntur
617 2567 843 2613 tamquam
871 2567 970 2604 ante
998 2566 1142 2604 oculos
1169 2566 1339 2604 nostros
1367 2565 1437 2612 agi
1465 2564 1692 2613 cernimus,
1711 2563 1823 2602 hanc

255 2640 614 2679 venustissimam
646 2641 880 2689 imaginem
907 2641 1024 2680 solus
1050 2641 1151 2680 fecit
1178 2640 1402 2678 Terentius
1430 2640 1548 2678 nulla
1575 2649 1653 2688 ope
1681 2639 1820 2678 aliena

252 2816 328 2846 dein
356 2817 439 2845 mire
468 2817 555 2846 inter
583 2824 618 2846 se
646 2816 836 2845 discordant
855 2817 997 2851 simplex
1016 2816 1055 2845 de
1074 2815 1206 2844 forma
1223 2816 1327 2844 bona
1346 2814 1493 2844 narratio
1512 2815 1546 2843 θῖ
1564 2814 1603 2842 de
1621 2814 1743 2843 vultu
1767 2821 1822 2842 ex-

253 2869 414 2897 clamatio
443 2869 502 2897 illa
530 2868 762 2897 admirationis
790 2868 895 2903 plena.
925 2868 967 2896 Et
993 2869 1103 2897 totum
1135 2867 1279 2896 Simonis
1297 2868 1415 2902 pectus
1439 2866 1669 2896 admirationis
1686 2865 1821 2901 plenum

255 2925 331 2947 esse
352 2926 393 2947 ex
412 2926 477 2946 uno
496 2919 553 2947 illo
574 2918 727 2947 vocativo
749 2918 855 2954 Sosia,
879 2918 1056 2953 ἢθικώτατα
1076 2918 1257 2951 interiecto,
1276 2917 1330 2946 vel
1349 2918 1474 2952 optime
1492 2917 1638 2953 apparet.
