2002 3464
1022 379 1103 418 168

283 504 406 542 stulit
438 504 612 543 dicendo
644 505 871 543 iterum:
908 506 954 542 ut
985 515 1070 543 non
1102 505 1251 543 eadem
1283 506 1336 543 lis
1368 507 1494 555 esset,
1529 505 1579 544 de
1602 515 1686 553 qua
1711 516 1840 554 supra

283 579 444 618 Demea
490 581 667 627 questus
714 582 791 629 est,
836 580 909 619 sed
951 580 1191 619 instaurata
1222 582 1465 620 nascatur.”
1499 580 1705 629 Corrupta
1734 581 1840 620 haec

285 655 389 693 adeo
420 656 469 693 ut
501 656 550 693 de
583 655 880 694 emendatione
913 656 1147 704 desperem,

344 731 504 769 Eadem
535 731 704 769 videtur
736 732 919 770 conditio
951 732 1102 770 scholii
1133 733 1185 770 ad
1216 742 1279 771 vs.
1317 733 1392 771 11:

418 806 527 845 Novi
561 817 637 854 ego
669 808 816 845 vestra
847 808 974 846 haec:
1008 808 1166 846 nollem
1198 808 1373 857 factum,
1407 808 1704 847 iusiurandum

1458 883 1641 929 [dabitur
1672 883 1715 921 te
1747 892 1842 922 esse

419 957 647 1005 Indignum
679 958 834 996 iniuria
864 958 956 1007 hac,

285 1033 356 1071 ubi
401 1034 620 1081 praestare
667 1033 820 1071 dicitur
867 1033 1101 1081 separatim
1141 1034 1280 1082 legere
1327 1034 1718 1073 iusiurandum
1764 1033 1840 1071 da·

285 1108 438 1146 bitur
470 1108 512 1146 et
543 1108 777 1156 separatim
808 1109 861 1147 te
894 1118 1017 1147 esse
1049 1108 1339 1157 indignum
1370 1108 1583 1147 iniuria
1614 1109 1734 1158 hac,
1763 1108 1844 1146 hoc

286 1185 562 1232 argumento:
609 1184 766 1232 „verba
808 1184 923 1222 enim
965 1184 1259 1232 satisfaciunt;
1293 1195 1425 1232 quum
1455 1195 1524 1223 res
1557 1184 1769 1232 colligitur
1799 1183 1843 1221 in

285 1259 554 1306 generalibus
601 1259 754 1308 causis,
798 1269 900 1298 nam
943 1269 1069 1307 saepe
1112 1260 1199 1298 irae
1232 1270 1281 1298 ac
1312 1260 1410 1298 lites
1441 1259 1710 1298 iureiurando
1742 1259 1844 1297 sunt

285 1335 585 1373 terminatae.’'

348 1410 415 1449 23.
465 1409 637 1449 Certam
685 1420 779 1448 esse
820 1410 1065 1459 formulam,
1110 1421 1194 1458 qua
1235 1411 1272 1449 is
1308 1412 1456 1454 utatur
1486 1411 1557 1458 qui
1587 1411 1647 1449 nil
1678 1410 1840 1459 debeat,

287 1496 391 1524 non
432 1496 511 1524 me
553 1486 711 1525 novit
750 1486 989 1524 Scholiasta
1020 1486 1153 1535 docet,
1188 1486 1410 1533 additque:
1448 1496 1558 1535 „non
1589 1486 1699 1534 quod
1729 1485 1842 1533 igno-

286 1563 414 1611 retur,
450 1562 524 1600 sed
557 1562 667 1609 quod
700 1562 743 1600 in
775 1562 865 1600 iure
893 1572 979 1600 non
1006 1563 1246 1601 cernatur.”
1275 1562 1470 1600 Alteram
1496 1562 1650 1600 horum
1675 1561 1844 1610 partem

289 1638 533 1685 corruptam
565 1647 730 1675 censeo.

348 1713 414 1751 29.
450 1711 670 1750 Scholion:
709 1712 857 1761 „quasi
890 1712 1060 1762 diceret,
1095 1713 1166 1750 ubi
1193 1722 1277 1750 non
1304 1713 1381 1761 est,
1412 1712 1578 1760 quando
1604 1710 1845 1749 Aeschinus

284 1788 497 1835 loquitur'’
541 1788 887 1836 ingeniosissime
930 1799 955 1826 a
996 1788 1296 1827 Westerhovio
1333 1788 1610 1836 distinguitur
1641 1788 1684 1826 et
1715 1787 1844 1835 expli-

285 1864 423 1902 catur:
446 1864 595 1912 „quasi
612 1863 790 1902 diceret:
809 1864 893 1902 ubi
921 1874 1018 1902 non
1051 1864 1148 1902 est.
1169 1863 1342 1912 Quando
1359 1863 1599 1902 Aeschinus
1616 1862 1844 1910 loquitur.’'

282 1939 385 1977 Vult
427 1939 542 1977 enim
584 1939 776 1978 Donatus
815 1939 1078 1978 Sannionem
1109 1939 1230 1987 plura
1262 1939 1476 1977 dicturum
1507 1938 1652 1987 fuisse,
1687 1938 1762 1976 sed
1793 1937 1844 1976 ab

282 2015 496 2054 Aeschino
529 2015 851 2063 interpellatum
882 2015 1112 2053 tacuisse.''

342 2092 410 2129 37.
562 2090 686 2129 Minis
718 2090 872 2138 viginti
904 2091 953 2128 tu
986 2090 1107 2128 illam
1140 2090 1307 2129 emisti:
1343 2100 1450 2138 quae
1482 2099 1551 2128 res
1582 2089 1660 2128 tibi

1485 2165 1643 2211 [vortat
1657 2163 1784 2202 male.

282 2241 543 2279 Scholiasta:
580 2240 752 2290 „adiicit
786 2239 1105 2289 contumeliam,
1150 2240 1273 2288 quasi
1315 2241 1358 2278 et
1388 2240 1469 2279 hoc
1499 2239 1687 2278 multum
1719 2238 1777 2276 sit
1803 2239 1846 2277 et

281 2316 547 2354 inimicum.”
592 2316 703 2355 Hoc
744 2317 832 2368 est:
876 2326 951 2364 pro
986 2315 1142 2354 ancilla
1173 2315 1341 2354 solvere
1372 2315 1514 2353 lenoni
1545 2314 1732 2363 pretium
1762 2323 1844 2361 quo

281 2392 426 2440 empta
472 2393 560 2440 est;
609 2392 901 2431 inimicum
950 2392 1196 2440 corruptum
1238 2391 1430 2439 videtur;
1473 2390 1703 2438 requiritur
1733 2389 1843 2428 fere:

280 2477 385 2505 non
415 2467 720 2506 ferendum.
754 2468 823 2506 An
855 2467 1140 2514 iniquum?

338 2542 406 2581 46.
500 2542 677 2581 Homini
702 2542 861 2580 misero
889 2542 984 2590 plus
1013 2541 1268 2590 quingentos
1286 2542 1487 2590 colaphos
1504 2541 1676 2590 infregit
1691 2540 1812 2580 mihi.

281 2617 443 2656 Schol.:
489 2647 506 2666 ‚‚
532 2618 663 2656 ...et
695 2617 892 2656 flebiliter
929 2617 1293 2665 pronuntiandum
1325 2618 1413 2656 est:
1447 2617 1527 2656 hoc
1559 2616 1675 2655 enim
1707 2615 1843 2664 expri-

278 2692 422 2742 mitur,
471 2693 520 2730 ut
561 2693 709 2731 tamen
750 2692 917 2731 incuset
959 2692 1003 2730 in
1046 2692 1183 2730 alieno
1225 2692 1338 2731 facto
1370 2693 1588 2731 fortunam
1619 2701 1756 2730 suam.
1791 2690 1845 2729 Et

278 2768 375 2806 vide
423 2770 633 2816 quantum
675 2769 756 2807 hoc
797 2768 928 2807 distet
971 2768 1022 2806 ab
1065 2768 1136 2806 illo
1169 2768 1279 2815 quod
1310 2778 1439 2816 supra
1471 2767 1659 2806 dicebat:
1693 2766 1844 2805 istuc

277 2843 402 2881 volo
435 2854 563 2891 ergo
596 2843 777 2894 ipsum
810 2843 1085 2891 experiri:
1119 2843 1199 2882 hoc
1232 2843 1331 2890 quia
1357 2843 1474 2881 solus
1501 2844 1578 2892 est,
1608 2842 1712 2881 illud
1743 2841 1844 2889 quia

279 2929 377 2958 cum
419 2919 705 2958 adversario.’'
752 2919 911 2958 Sensus
955 2919 1042 2957 est:
1091 2929 1381 2967 „quamquam
1413 2919 1463 2957 de
1494 2919 1607 2957 facto
1639 2916 1843 2956 Aeschini
