2002 3464
1037 414 1089 452 66

345 537 409 575 Ad
442 548 504 576 vs.
540 538 624 576 309
659 538 898 577 Scholiasta
929 541 1128 578 annotat:
1161 541 1340 590 „modo
1373 543 1510 590 quod
1542 553 1714 582 ames:
1747 544 1836 584 tan-

287 613 524 662 tummodo,
569 613 691 661 quasi
732 614 838 652 haec
878 624 1000 653 mora
1031 615 1088 654 sit
1118 617 1341 664 promissis
1374 618 1678 668 complendis”,
1711 620 1755 658 et
1785 619 1838 659 ad

286 689 393 727 311:
440 689 565 737 „hoc
606 689 794 727 hercle
836 690 1038 729 factum
1080 693 1187 730 est:
1231 692 1374 731 inveni
1417 694 1527 742 quod
1559 704 1725 733 amem:
1758 695 1839 749 hoo

285 764 394 811 quod
437 764 618 813 dicebas,
653 764 802 814 inquit,
836 775 982 804 morae
1015 777 1122 816 esse,
1156 767 1243 806 iam
1275 768 1437 807 factum
1470 771 1547 819 est,
1582 771 1722 809 amo'’.
1757 770 1838 810 Sed

284 839 586 878 Ruhnkenius:
634 838 776 888 „hoc'
795 840 1007 879 factum
1039 843 1146 880 est:
1179 843 1364 882 formula
1395 844 1446 883 de
1477 855 1525 883 re
1553 855 1656 883 vera
1687 846 1730 884 et
1759 846 1836 884 mi-

283 914 399 952 nime
427 915 595 963 dubia,”
625 914 831 963 affertque
858 926 913 954 ex
939 916 1448 969 Petronioz'„factum,
1483 914 1586 959 non
1616 921 1836 961 fabu1a”

283 990 326 1027 et
383 1000 437 1028 ex
489 989 771 1038 Quintiliano:
824 992 1063 1050 „certum
1111 994 1217 1042 est,
1266 993 1478 1032 factum
1533 996 1639 1045 est,
1693 996 1836 1046 eripi

282 1076 386 1104 non
417 1067 650 1114 potest.''
685 1066 798 1115 Quae
830 1067 929 1105 hinc
962 1067 1101 1106 aliena
1131 1068 1352 1116 videntur3
1386 1069 1546 1108 etenim
1572 1071 1718 1109 nostro
1744 1071 1836 1111 loco

281 1141 379 1179 hoc
426 1126 604 1181 additur.
654 1142 859 1190 Equidem
908 1143 1171 1182 Scholiastae
1213 1144 1380 1192 obloqui
1422 1155 1506 1183 non
1547 1145 1700 1185 ausim.
1742 1146 1836 1186 Non

281 1217 395 1255 6111111
438 1217 648 1255 Parmeno
689 1218 831 1256 verbis
874 1229 970 1267 age
1012 1219 1202 1267 inepte
1244 1230 1399 1268 negare
1439 1221 1608 1259 videtur
1639 1221 1743 1260 i]lud
1774 1223 1835 1261 de
1879 1231 1881 1233 ·

211 1305 214 1308 ·
279 1302 420 1340 penu
447 1293 500 1331 in
528 1294 794 1332 cellulam
822 1296 1207 1345 congesto,sed
1225 1297 1536 1344 quodammodo
1554 1307 1834 1338 averruncare

279 1368 397 1416 pueri
429 1369 719 1408 narrationem
751 1370 801 1408 de
833 1380 910 1409 suo
943 1381 1088 1409 amore
1119 1372 1343 1419 tamquam
1376 1372 1426 1410 de
1457 1382 1502 1411 re
1534 1373 1658 1412 seria.
1681 1368 1708 1420 ¹)

337 1443 451 1482 Nihil
497 1445 564 1482 est
604 1445 788 1483 iocosius
831 1456 960 1494 quam
1002 1445 1235 1485 Chaeream
1278 1447 1422 1486 audire
1464 1458 1625 1498 severe,
1668 1449 1833 1488 Paridis

279 1519 502 1558 cuiusdam
528 1520 676 1570 instar,
705 1521 866 1559 formas
883 1521 1142 1560 feminarum
1159 1522 1431 1562 iudicantem.
1451 1524 1550 1563 Mox
1566 1525 1609 1563 in
1627 1524 1832 1573 colloquio

279 1605 376 1633 cum
409 1596 546 1634 amico
578 1595 840 1644 Antiphonte
872 1597 1062 1635 dicturus
1095 1599 1161 1636 est
1193 1600 1269 1643 (vs.
1305 1600 1426 1645 566):

365 1671 489 1719 Ipsus
520 1682 591 1710 me
623 1673 737 1710 nosti
773 1683 901 1720 quam
934 1673 1107 1721 elegans
1139 1674 1376 1713 formarum
1410 1676 1625 1723 spectator
1656 1676 1805 1716 siem.‘

278 1746 358 1784 Sed
390 1747 478 1784 iam
510 1747 578 1785 hic
609 1748 831 1786 fastidium
863 1759 992 1787 suum
1019 1750 1220 1788 ostentat.
1251 1749 1423 1789 Ceteras
1450 1761 1600 1790 omnes
1627 1751 1831 1790 mulieres

276 1823 524 1871 contemnit,
559 1824 749 1873 despicit,
783 1824 905 1862 nihili
936 1825 1050 1873 facit,
1081 1825 1196 1863 cives
1224 1827 1338 1864 certe
1365 1837 1471 1874 quas
1497 1827 1661 1866 matres
1686 1815 1831 1876 inepta

232 1906 234 1909 ·
275 1907 354 1936 sua
400 1898 648 1937 educatione
695 1900 874 1938 naturae
920 1900 1043 1938 bonis
1089 1900 1284 1949 spolient.
1333 1901 1504 1940 Puellae
1550 1902 1719 1941 Atticae
1761 1904 1831 1948 (an

274 1972 493 2012 Romanae
525 1974 665 2013 dicam
677 1976 709 2020 ‘?)
743 1976 1105 2022 quemadmodum
1137 1986 1162 2015 a
1193 1977 1403 2015 matribus
1436 1978 1761 2026 corrumpantur
1786 1978 1830 2017 et

274 2048 369 2087 aliis
401 2050 543 2088 verbis
575 2050 712 2098 lepide
745 2050 945 2089 describit
976 2052 1019 2089 et
1050 2051 1167 2090 hisce
1200 2054 1277 2097 (vs.
1312 2053 1522 2098 315--7):

393 2124 566 2172 Siquast
591 2125 775 2164 habitior
801 2126 938 2175 paulo,
962 2126 1151 2175 pugilem
1170 2137 1264 2165 esse
1282 2128 1413 2177 aiunt,
1433 2128 1646 2166 deducunt
1662 2127 1826 2167 cibum:

391 2200 583 2238 Tametsi
614 2201 768 2239 bonast
799 2202 964 2250 natura,
998 2202 1180 2241 reddunt
1212 2204 1411 2242 curatura
1441 2204 1650 2242 iunceam.

390 2275 539 2323 Itaque
571 2286 670 2324 ergo
702 2277 915 2316 amantur.

272 2349 336 2388 Ad
373 2351 629 2389 vocabulum
661 2351 914 2391 habitior
946 2353 1249 2392 illustrandum
1280 2354 1386 2393 haec
1418 2365 1441 2392 e
1473 2353 1605 2393 Gellio
1638 2354 1721 2404 (IV,
1756 2354 1824 2400 20)

271 2426 485 2465 adscribo:
531 2425 738 2466 Censores
780 2428 955 2467 Publius
993 2429 1130 2477 Scipio
1167 2429 1322 2468 Nasica
1353 2431 1396 2468 et
1427 2429 1593 2468 Marcus
1623 2429 1822 2478 Popilius,

272 2511 369 2538 cum
426 2502 620 2549 equitum
668 2512 845 2541 censum
892 2505 1078 2554 agerent,
1129 2515 1285 2552 equum
1331 2505 1461 2543 nimis
1507 2505 1741 2553 strigosum
1782 2506 1826 2544 et

270 2576 412 2615 male
439 2577 694 2616 habitum
722 2579 796 2616 sed
824 2579 1012 2626 equitem
1040 2580 1131 2618 eius
1158 2580 1422 2619 uberrimum
1445 2581 1487 2619 et
1503 2581 1824 2619 habitissimum

307 2711 327 2744 ι)
357 2710 535 2739 vocabulis
565 2711 719 2746 Belgicis:
743 2712 847 2747 „Loop
867 2712 960 2747 heen,
981 2713 1081 2742 malle
1098 2714 1255 2748 jongen!”
1274 2720 1372 2747 quem
1392 2714 1503 2749 aptius
1523 2713 1703 2748 alloquaris
1723 2720 1823 2748 quam

269 2762 560 2799 adolescentulum,
579 2770 684 2797 paene
702 2770 850 2799 puerum,
869 2764 925 2798 qui
944 2764 984 2792 de
1004 2772 1063 2793 suo
1084 2765 1210 2799 garriat
1229 2766 1359 2793 amore?

305 2812 347 2841 Cf.
376 2814 547 2848 praeterea
574 2814 635 2843 Ad.
663 2822 712 2843 vs.
741 2815 802 2850 271,
830 2815 886 2849 qui
915 2816 1007 2844 locus
1034 2816 1148 2844 nostro
1176 2816 1344 2851 proposito
1366 2816 1569 2845 utilissimus
1587 2817 1648 2846 est.
1667 2815 1822 2851 Ctesipho

267 2864 362 2893 fratri
392 2865 567 2901 Aeschino,
592 2874 612 2894 a
640 2873 703 2900 quo
732 2866 863 2902 insigne
892 2868 1019 2903 accepit
1045 2867 1248 2902 beneficium,
1278 2867 1405 2903 gratias
1432 2868 1512 2903 agit,
1539 2868 1716 2902 laudatque
1745 2874 1820 2896 eum

268 2915 379 2943 verbis
416 2916 611 2952 magnificis,
649 2917 760 2946 animo
795 2919 883 2946 enim
919 2920 971 2947 est
1001 2919 1097 2955 elato,
1133 2919 1355 2954 gaudiumque
1391 2927 1489 2949 suum
1519 2920 1682 2948 effundere
1709 2920 1821 2954 gestit.

272 2966 415 2995 Tandem
434 2967 623 2997 Aeschinus
642 2969 923 2998 adolescentulum
943 2970 1168 2999 exsultantem
1187 2970 1235 2999 sic
1255 2971 1402 3006 corripit:
1422 2977 1499 3007 „ago
1517 2970 1654 3005 inepte.”
