2002 3464
887 376 938 417 17

123 504 219 551 dedi
259 505 335 546 sed
375 504 606 545 relictis
647 503 814 543 rebus
856 504 1118 544 omnibus
1161 506 1437 554 quaesivi.
1483 505 1590 557 Quid
1622 506 1692 548 hic

122 589 208 621 non
239 581 302 622 ita
332 590 588 631 expressum
619 581 668 619 ut
701 580 809 619 nihil
841 580 938 619 addi
970 581 1108 629 possit
1120 582 1168 620 ?’'

181 667 246 696 vs.
282 657 378 696 171.
442 656 688 705 Respondet
716 655 874 695 Thais:

239 721 242 723 ’
777 731 885 782 Quid
916 732 1027 782 istic,
1062 733 1305 774 Phaedria?

211 807 482 858 Quamquam
514 808 635 847 illam
668 808 791 857 cupio
824 808 1046 858 abducere,
1081 810 1210 857 atque
1242 811 1324 849 hac
1356 822 1401 850 re
1435 811 1618 851 arbitror

207 884 256 924 Id
286 883 380 924 fieri
409 894 537 934 posse
567 884 785 923 maxime:
819 894 973 923 verum
1005 886 1155 924 tamen

180 997 181 1001 ,
207 959 358 1000 Potius
391 971 521 1009 quarn
552 962 596 1000 te
628 960 857 999 inimicum
890 960 1088 1011 habeam,
1122 961 1281 1001 faciam
1313 964 1362 1001 ut
1394 963 1585 1003 iusseris.

119 1035 382 1076 Scholiasta:
445 1036 602 1086 „quid
658 1035 797 1075 istic
850 1036 1092 1076 consentire
1139 1037 1386 1087 incipientis
1433 1041 1522 1088 est;
1572 1041 1693 1080 deest

117 1122 467 1159 remoramur
498 1114 574 1152 aut
606 1112 707 1161 quid
734 1112 864 1152 tale’'.
895 1113 1033 1162 Quam
1061 1114 1396 1162 explicationem
1413 1116 1691 1155 verissimam

117 1198 214 1229 esse
244 1189 290 1228 hi
320 1189 404 1229 loci
431 1190 754 1229 demonstrant:
784 1189 915 1228 Andr.
946 1191 1044 1240 572,
1073 1190 1179 1229 Eun.
1209 1191 1308 1241 388,
1338 1191 1416 1231 Ad.
1449 1192 1531 1231 133
1561 1193 1690 1242 (350),

117 1265 217 1316 956,
250 1265 407 1305 Heaut.
445 1266 571 1305 1053.

178 1341 275 1382 175.
337 1341 424 1380 Vix
454 1342 561 1381 haec
592 1341 768 1380 Thaidis
803 1341 970 1381 audivit
1001 1341 1298 1381 blandimenta
1335 1353 1434 1382 cum
1472 1344 1692 1383 exclamat

115 1418 348 1458 Phaedria:

234 1494 416 1534 Utinam
447 1495 560 1534 istuc
591 1494 772 1534 verbum
805 1505 861 1534 ex
893 1495 1039 1534 animo
1072 1495 1237 1534 diceres

154 1568 156 1570 ’
238 1571 414 1622 „Potius
445 1582 577 1620 quam
608 1573 652 1610 te
684 1571 911 1610 inimicum
942 1572 1155 1611 habeam’'
1189 1574 1233 1611 et
1264 1573 1378 1612 istuc
1409 1573 1629 1613 crederem

235 1647 407 1687 Sincere
439 1647 534 1698 dici,
569 1648 739 1696 quidvis
771 1658 946 1697 possem
978 1649 1156 1697 perpeti.

114 1722 277 1763 Eadem
307 1723 442 1763 habes
471 1723 683 1763 vocabula
715 1724 826 1772 apud
858 1723 1078 1763 Catullum
1111 1725 1250 1771 (109):

352 1799 594 1838 Iucundum
624 1809 724 1838 mea
754 1799 847 1838 vita
878 1800 988 1838 mihi
1018 1795 1220 1849 proponis
1252 1811 1448 1841 amorem

412 1875 539 1914 Hunc
570 1876 769 1914 nostrum
801 1875 914 1914 inter
944 1885 1024 1914 nos
1055 1877 1396 1925 perpetuumque
1427 1877 1530 1917 fore.

304 1995 306 1997 ‚
352 1951 404 1990 Di
434 1952 584 2001 magni
614 1952 744 1991 facite
775 1953 824 1990 ut
855 1962 987 1991 vere
1018 1952 1272 2001 promittere
1303 1953 1442 2002 possit

412 2027 554 2076 Atque
586 2028 666 2067 hoc
698 2027 923 2067 sincere
955 2028 1070 2067 dicat
1102 2029 1146 2067 et
1178 2039 1243 2067 ex
1285 2029 1483 2069 animo.

115 2102 230 2154 Quos
245 2089 399 2144 {tersus
415 2114 566 2143 eorum
583 2113 714 2143 causa
731 2104 953 2154 exscripsi,
973 2104 1011 2142 si
1028 2104 1100 2152 qui
1117 2104 1453 2145 demonstrando
1471 2105 1689 2158 Catullum

114 2180 248 2220 etiam
279 2181 326 2220 in
355 2180 657 2230 pulcherrimis
689 2179 776 2218 illis
808 2180 860 2218 de
892 2189 970 2218 suo
1003 2190 1150 2219 amore
1183 2181 1448 2220 carminibus
1479 2183 1690 2222 vocabula

113 2256 374 2306 surripuisse
425 2256 534 2306 aliis,
579 2257 754 2305 tempus
795 2256 972 2305 perdere
1012 2256 1241 2296 voluerint.
1284 2257 1456 2296 Interea
1497 2258 1578 2297 hoc
1620 2259 1686 2298 ob-

89 2313 340 2372 servemus
381 2333 528 2372 omnia
569 2332 639 2371 hic
679 2331 847 2381 puellae
889 2332 1021 2371 verba
1057 2343 1083 2371 a
1123 2333 1335 2372 Phaedria
1376 2334 1513 2383 repeti
1554 2336 1603 2373 ut
1635 2335 1686 2373 si-

113 2407 289 2458 gnificet
319 2410 583 2458 quantopere
614 2408 669 2447 iis
701 2408 907 2457 capiatur.

173 2484 285 2525 Tum
314 2485 572 2526 Phaedriam
604 2485 736 2525 Thais
767 2486 891 2534 rogat
924 2485 1024 2531 (179
1065 2488 1178 2533 sq.):

351 2561 438 2611 Ego
470 2572 556 2602 non
588 2572 644 2601 ex
676 2561 822 2600 animo
852 2561 1016 2600 misera
1047 2561 1173 2600 dico?
1205 2571 1337 2609 quam
1370 2561 1461 2601 ioco

351 2636 462 2677 Rem
491 2637 670 2677 voluisti
701 2648 727 2676 a
757 2647 829 2676 me
861 2637 1039 2676 tandem
1072 2637 1175 2685 quin
1206 2637 1468 2686 perfeceris?

113 2711 307 2762 Respicit
346 2713 428 2752 hac
468 2713 804 2762 interrogatione
850 2723 1001 2752 versus
1047 2714 1232 2763 165—7,
1276 2713 1350 2752 ubi
1393 2724 1474 2753 sua
1505 2714 1616 2754 dona
1648 2716 1687 2755 ei
1756 2708 1760 2712 ’

114 2788 349 2838 imputavit
378 2789 600 2829 Phaedria.

172 2864 266 2904 Non
298 2865 460 2904 diutius
484 2865 611 2905 biduo
637 2865 881 2914 praelatum
908 2863 1173 2916 iri-militem
1200 2864 1435 2903 Phaedriae
1462 2867 1686 2905 asseverat

114 2939 245 2980 Thais
276 2941 345 2980 his
376 2941 521 2980 verbis
553 2943 630 2988 (vs.
669 2942 790 2988 183):

1558 3012 1578 3040 2
