2002 3464
926 390 1008 430 109

261 519 387 569 Perii,
405 519 507 568 quid
523 528 650 568 agam
663 519 684 557 ⁴?
701 529 784 567 quo
802 529 873 558 me
889 519 1062 558 vortam
1073 518 1095 557 ⁶?
1111 517 1212 566 quid
1227 517 1322 557 viro
1338 527 1437 557 meo
1454 517 1719 567 respondebo
1730 518 1751 556 ⁴?

262 595 450 634 Misera?
481 605 585 634 nam
602 594 836 648 ⁸audivisse
868 605 1022 634 vocem
1053 594 1175 643 pueri
1206 593 1350 634 visust
1380 594 1620 643 vagientis:

262 671 330 710 Ita
361 670 565 721 corripuit
595 670 825 719 derepente
856 670 1018 710 tacitus
1050 680 1146 710 sese
1178 670 1231 710 ad
1262 669 1422 709 filiam:

262 746 381 796 Quod
397 746 436 786 si
451 746 647 786 rescierit
662 747 881 796 peperisse
898 757 1009 797 eam,
1029 746 1070 786 id
1089 757 1172 795 qua
1189 757 1321 786 causa
1337 747 1451 786 clam
1462 757 1534 786 me
1547 747 1751 787 habuisse

260 821 413 863 Dicam
444 832 531 862 non
557 822 706 871 edepol
738 823 841 862 scio.

230 898 407 949 Legitur
447 899 501 938 ad
541 899 657 939 hunc
687 899 832 938 locum
865 900 1100 950 annotatio,
1135 910 1158 939 e
1190 910 1276 949 qua
1306 900 1377 939 vel
1410 900 1503 939 sola
1535 910 1751 939 commen-

171 975 327 1015 tatoris
358 976 516 1014 natura
547 976 677 1024 atque
710 975 940 1015 consilium
973 977 1174 1025 cognosci
1205 977 1396 1026 possint:

234 1050 427 1102 „Perii,
471 1051 603 1100 quid
635 1062 818 1100 agam:
854 1052 962 1091 haec
992 1052 1187 1101 proloqui
1219 1054 1388 1102 oportet
1419 1053 1670 1102 Myrrinam,
1704 1054 1753 1092 ut

171 1137 228 1167 ex
258 1127 352 1167 01115
381 1137 567 1177 persona
597 1128 903 1167 reminiscatur
930 1129 1149 1177 spectator
1175 1130 1324 1177 gestae
1350 1129 1425 1179 rei,
1455 1129 1671 1178 simulque
1699 1140 1754 1169 ex

170 1184 301 1244 huius
341 1213 550 1253 personae
592 1204 748 1254 verbis,
793 1204 893 1253 quid
936 1205 1038 1253 agat
1074 1205 1211 1244 altera
1241 1215 1437 1255 persona,
1471 1207 1752 1245 monstretur.

166 1279 284 1320 ‘Nam
309 1280 573 1329 perscrutari
598 1280 858 1330 Phidippum
885 1281 1090 1320 universa
1116 1282 1339 1321 conclavia
1365 1284 1408 1321 et
1434 1282 1495 1321 ire
1522 1293 1597 1331 per
1613 1284 1754 1321 totam

173 1355 354 1396 domum
381 1356 552 1405 cognito
579 1357 707 1405 partu
732 1354 847 1395 filiae
874 1366 978 1396 suae
997 1358 1175 1406 apparet
1192 1367 1248 1396 ex
1263 1358 1564 1406 praesentibus
1582 1358 1752 1397 dictiS.'’

230 1432 405 1472 Phorm.
454 1432 554 1472 869.
605 1431 714 1471 Geta
760 1442 914 1472 servus
960 1433 1183 1482 ingentem
1229 1434 1484 1474 felicitatem
1531 1433 1618 1474 filio
1662 1435 1754 1474 erili

172 1508 412 1558 Antiphoni
443 1508 642 1548 evenisse
675 1509 899 1558 cognovit;
932 1509 1076 1558 puella
1107 1510 1224 1549 enim
1256 1510 1331 1550 illa
1356 1511 1593 1562 peregrina,
1623 1522 1754 1560 quam

151 1585 242 1626 hic
294 1585 570 1626 Phormionis
617 1586 792 1625 astutiis
838 1596 945 1625 usus
992 1587 1171 1626 absente
1216 1588 1339 1637 patre
1385 1598 1568 1627 uxorem
1615 1589 1752 1638 duxit,

172 1661 352 1701 inventa
392 1663 460 1701 est
500 1672 587 1701 non
629 1662 737 1701 civis
779 1662 922 1701 solum
965 1673 1061 1702 esse
1103 1663 1179 1702 sed
1209 1664 1353 1713 patrui
1385 1663 1629 1703 Chremetis
1661 1665 1755 1713 ipsa

171 1737 247 1777 illa
276 1735 377 1787 filia,
411 1747 543 1786 quam
575 1737 680 1776 olim
713 1739 757 1777 et
781 1739 911 1787 vpater
943 1739 986 1777 et
1017 1739 1198 1787 patruus
1231 1739 1270 1778 ei
1302 1750 1486 1779 uxorem
1512 1741 1752 1779 destinave-

171 1814 283 1853 rant.
326 1813 534 1863 Properat
565 1824 665 1862 ergo
698 1814 810 1853 hanc
840 1824 934 1853 rem
967 1814 1141 1853 domino
1173 1816 1374 1869 nuntiare
1407 1816 1527 1866 Geta,
1562 1817 1753 1865 adeoque

172 1889 367 1929 exsultat
396 1889 552 1939 gaudio
583 1891 633 1928 ut
664 1889 839 1928 obviam
871 1901 972 1929 eum
1009 1891 1259 1930 venientem
1286 1902 1372 1930 non
1400 1892 1648 1942 conspiciat,
1678 1893 1754 1932 sed

171 1966 428 2015 praetereat,
461 1966 622 2014 vixque
654 1966 844 2005 clamore
876 1966 969 2005 eius
1008 1967 1225 2015 minisque
1262 1969 1438 2007 retineri
1475 1979 1522 2008 se
1549 1969 1751 2018 patiatur.

173 2040 285 2081 Tum
311 2043 356 2081 et
381 2052 475 2081 rem
501 2042 643 2091 ipsam
670 2043 714 2081 et
741 2043 955 2091 quomodo
984 2053 1082 2082 eam
1111 2045 1361 2093 cognoverit
1382 2045 1535 2084 multis
1553 2046 1754 2085 denarrat

173 2118 442 2168 ambagibus.
474 2119 659 2168 „Missus
686 2119 836 2158 eram”
860 2120 922 2158 ait
942 2130 995 2168 „a
1010 2121 1132 2169 patre
1149 2122 1224 2160 tuo
1243 2121 1296 2160 ad
1312 2132 1496 2161 uxorem
1513 2123 1659 2170 tuam;
1678 2123 1754 2161 sed

266 2194 352 2235 Ubi
383 2195 430 2234 in
461 2205 730 2244 gynaeceum
762 2196 823 2235 ire
855 2197 1029 2247 occipio,
1064 2208 1170 2246 puer
1201 2198 1254 2237 ad
1285 2209 1358 2237 me
1391 2199 1577 2239 accurrit
1608 2200 1733 2250 Mida,

261 2271 378 2311 Pone
410 2272 636 2321 apprendit
666 2272 809 2323 pallio,
844 2273 1089 2322 resupinat;
1123 2275 1318 2324 respicio,
1351 2285 1454 2324 rogo

264 2347 402 2399 Quam
434 2348 486 2388 ob
519 2359 612 2388 rem
644 2349 831 2388 retineat
857 2360 951 2389 me:
981 2350 1043 2389 ait
1070 2360 1166 2391 esse
1193 2351 1381 2390 vetitum
1408 2352 1521 2391 intro
1548 2352 1601 2391 ad
1634 2363 1754 2392 eram

1462 2428 1692 2474 [accedere.

269 2500 518 2551 „Sophrona
569 2501 698 2541 modo
745 2502 926 2542 fratrem
973 2502 1085 2542 huc”
1134 2503 1274 2552 inquit
1323 2505 1467 2554 „senis
1513 2505 1755 2563 introduxit

1401 2580 1692 2627 [Chremem.”

265 2652 460 2702 Eumque
486 2663 600 2692 nunc
623 2664 720 2693 esse
737 2654 855 2694 intus
873 2665 973 2694 cum
991 2655 1099 2694 illis:
1118 2656 1199 2695 hoc
1215 2656 1287 2695 ubi
1305 2667 1383 2705 ego
1401 2657 1558 2708 audivi,
1579 2658 1632 2697 ad
1648 2658 1753 2697 foris

266 2729 483 2778 Suspenso
514 2730 648 2778 gradu
678 2730 844 2779 placide
876 2731 938 2770 ire
969 2731 1152 2781 perrexi,
1187 2733 1363 2782 accessi,
1398 2733 1531 2783 astiti,

264 2805 472 2845 Animam
529 2807 777 2857 compressi,
838 2818 988 2847 aurem
1036 2808 1232 2848 admovi:
1281 2809 1344 2848 ita
1389 2810 1587 2849 animum
1635 2811 1754 2860 coepi

1456 2886 1694 2932 [attendere

264 2957 358 2998 Hoc
389 2959 517 2998 modo
548 2969 798 2999 sermonem
831 2954 1057 3010 captans.”¹
