<?xml version="1.0" encoding="UTF-8"?>
<!DOCTYPE html PUBLIC "-//W3C//DTD XHTML 1.0 Transitional//EN"
    "http://www.w3.org/TR/xhtml1/DTD/xhtml1-transitional.dtd">
<html xmlns="http://www.w3.org/1999/xhtml" xml:lang="en" lang="en">
 <head>
  <title>
</title>
<meta http-equiv="Content-Type" content="text/html;charset=utf-8" />
  <meta name='ocr-system' content='tesseract 3.04.00' />
  <meta name='ocr-capabilities' content='ocr_page ocr_carea ocr_par ocr_line ocrx_word'/>
</head>
<body>
  <div class='ocr_page' id='page_1' title='image "./deterentioetdona00hartuoft_0177.png"; bbox 0 0 2002 3464; ppageno 0'>
   <div class='ocr_carea' id='block_1_1' title="bbox 931 387 1010 426">
    <p class='ocr_par' dir='ltr' id='par_1_1' title="bbox 931 387 1010 426">
     <span class='ocr_line' id='line_1_1' title="bbox 931 387 1010 426; baseline 0.025 -2"><span class='ocrx_word' id='word_1_1' title='bbox 931 387 1010 426; x_wconf 79' lang='lat'>165</span> 
     </span>
    </p>
   </div>
   <div class='ocr_carea' id='block_1_2' title="bbox 178 512 1798 2773">
    <p class='ocr_par' dir='ltr' id='par_1_2' title="bbox 181 512 1757 1095">
     <span class='ocr_line' id='line_1_2' title="bbox 183 512 1757 564; baseline -0.001 -10"><span class='ocrx_word' id='word_1_2' title='bbox 183 514 312 554; x_wconf 92' lang='lat' dir='ltr'>modo</span> <span class='ocrx_word' id='word_1_3' title='bbox 359 514 469 564; x_wconf 84' lang='lat' dir='ltr'>apud</span> <span class='ocrx_word' id='word_1_4' title='bbox 516 513 622 552; x_wconf 91' lang='lat' dir='ltr'>alios</span> <span class='ocrx_word' id='word_1_5' title='bbox 665 523 690 551; x_wconf 90' lang='lat' dir='ltr'>a</span> <span class='ocrx_word' id='word_1_6' title='bbox 731 512 869 560; x_wconf 84' lang='lat' dir='ltr'>poetis</span> <span class='ocrx_word' id='word_1_7' title='bbox 911 513 1089 551; x_wconf 87' lang='lat' dir='ltr'>nomina</span> <span class='ocrx_word' id='word_1_8' title='bbox 1132 513 1447 560; x_wconf 87' lang='lat' dir='ltr'>componuntur</span> <span class='ocrx_word' id='word_1_9' title='bbox 1478 512 1757 552; x_wconf 85' lang='lat' dir='ltr'>describenda</span> 
     </span>
     <span class='ocr_line' id='line_1_3' title="bbox 183 587 1757 639; baseline -0.001 -10"><span class='ocrx_word' id='word_1_10' title='bbox 183 599 259 639; x_wconf 90' lang='lat' dir='ltr'>per</span> <span class='ocrx_word' id='word_1_11' title='bbox 289 587 538 639; x_wconf 76' lang='grc' dir='ltr'><em>ἀντίφρασιν,</em></span> <span class='ocrx_word' id='word_1_12' title='bbox 568 587 679 636; x_wconf 93' lang='lat' dir='ltr'>quod</span> <span class='ocrx_word' id='word_1_13' title='bbox 712 587 910 635; x_wconf 88' lang='lat' dir='ltr'>designat</span> <span class='ocrx_word' id='word_1_14' title='bbox 943 587 1191 626; x_wconf 82' lang='lat' dir='ltr'>Storax.&#39;’</span> <span class='ocrx_word' id='word_1_15' title='bbox 1225 587 1330 626; x_wconf 91' lang='lat' dir='ltr'>Post</span> <span class='ocrx_word' id='word_1_16' title='bbox 1363 588 1569 627; x_wconf 85' lang='lat' dir='ltr'>Storax</span> <span class='ocrx_word' id='word_1_17' title='bbox 1596 589 1757 628; x_wconf 76' lang='lat' dir='ltr'>excidit</span> 
     </span>
     <span class='ocr_line' id='line_1_4' title="bbox 183 663 1755 712; baseline -0.001 -7"><span class='ocrx_word' id='word_1_18' title='bbox 183 665 300 705; x_wconf 90' lang='lat' dir='ltr'>illius</span> <span class='ocrx_word' id='word_1_19' title='bbox 330 664 519 704; x_wconf 89' lang='lat' dir='ltr'>nominis</span> <span class='ocrx_word' id='word_1_20' title='bbox 551 663 804 712; x_wconf 80' lang='lat' dir='ltr'>explicatio;</span> <span class='ocrx_word' id='word_1_21' title='bbox 839 663 1216 702; x_wconf 85' lang='lat' dir='ltr'>describenda</span> <span class='ocrx_word' id='word_1_22' title='bbox 1242 664 1390 702; x_wconf 90' lang='lat' dir='ltr'>autem</span> <span class='ocrx_word' id='word_1_23' title='bbox 1417 663 1487 703; x_wconf 91' lang='lat' dir='ltr'>hic</span> <span class='ocrx_word' id='word_1_24' title='bbox 1513 663 1755 712; x_wconf 84' lang='lat' dir='ltr'>significare</span> 
     </span>
     <span class='ocr_line' id='line_1_5' title="bbox 183 739 1754 789; baseline -0.001 -9"><span class='ocrx_word' id='word_1_25' title='bbox 183 741 310 781; x_wconf 87' lang='lat' dir='ltr'>debet</span> <span class='ocrx_word' id='word_1_26' title='bbox 355 739 716 789; x_wconf 73' lang='lat' dir='ltr'>explicanda,</span> <span class='ocrx_word' id='word_1_27' title='bbox 767 739 1125 788; x_wconf 91' lang='lat' dir='ltr'>accipienda,</span> <span class='ocrx_word' id='word_1_28' title='bbox 1175 739 1624 788; x_wconf 90' lang='lat' dir='ltr'>interpretanda.</span> <span class='ocrx_word' id='word_1_29' title='bbox 1674 740 1754 779; x_wconf 90' lang='lat' dir='ltr'>Pro</span> 
     </span>
     <span class='ocr_line' id='line_1_6' title="bbox 183 815 1755 867; baseline -0.001 -10"><span class='ocrx_word' id='word_1_30' title='bbox 183 817 324 867; x_wconf 87' lang='lat' dir='ltr'>apud</span> <span class='ocrx_word' id='word_1_31' title='bbox 380 816 531 856; x_wconf 89' lang='lat' dir='ltr'>alios</span> <span class='ocrx_word' id='word_1_32' title='bbox 577 826 602 855; x_wconf 90' lang='lat' dir='ltr'>a</span> <span class='ocrx_word' id='word_1_33' title='bbox 648 816 838 864; x_wconf 82' lang='lat' dir='ltr'>poetis</span> <span class='ocrx_word' id='word_1_34' title='bbox 897 815 1079 864; x_wconf 89' lang='lat' dir='ltr'>denique</span> <span class='ocrx_word' id='word_1_35' title='bbox 1136 816 1366 864; x_wconf 89' lang='lat' dir='ltr'>legendum</span> <span class='ocrx_word' id='word_1_36' title='bbox 1414 826 1568 855; x_wconf 88' lang='lat' dir='ltr'>censeo</span> <span class='ocrx_word' id='word_1_37' title='bbox 1615 817 1755 865; x_wconf 89' lang='lat' dir='ltr'>apud</span> 
     </span>
     <span class='ocr_line' id='line_1_7' title="bbox 183 891 1753 942; baseline -0.001 -9"><span class='ocrx_word' id='word_1_38' title='bbox 183 893 330 933; x_wconf 82' lang='lat' dir='ltr'>alios</span> <span class='ocrx_word' id='word_1_39' title='bbox 359 893 580 942; x_wconf 78' lang='lat' dir='ltr'>poetas,</span> <span class='ocrx_word' id='word_1_40' title='bbox 617 892 727 940; x_wconf 92' lang='lat' dir='ltr'>quod</span> <span class='ocrx_word' id='word_1_41' title='bbox 756 892 872 930; x_wconf 91' lang='lat' dir='ltr'>recte</span> <span class='ocrx_word' id='word_1_42' title='bbox 900 891 1127 940; x_wconf 90' lang='lat' dir='ltr'>opponitur</span> <span class='ocrx_word' id='word_1_43' title='bbox 1154 892 1427 940; x_wconf 76' lang='lat' dir='ltr'>praecedenti</span> <span class='ocrx_word' id='word_1_44' title='bbox 1454 892 1508 931; x_wconf 91' lang='lat' dir='ltr'>in</span> <span class='ocrx_word' id='word_1_45' title='bbox 1538 893 1753 932; x_wconf 88' lang='lat' dir='ltr'>Plauto.</span> 
     </span>
     <span class='ocr_line' id='line_1_8' title="bbox 181 968 1754 1017; baseline 0 -9"><span class='ocrx_word' id='word_1_46' title='bbox 181 968 294 1008; x_wconf 84' lang='lat' dir='ltr'>Nata</span> <span class='ocrx_word' id='word_1_47' title='bbox 348 969 496 1008; x_wconf 84' lang='lat' dir='ltr'>autem</span> <span class='ocrx_word' id='word_1_48' title='bbox 544 968 786 1016; x_wconf 75' lang='lat' dir='ltr'>corruptela</span> <span class='ocrx_word' id='word_1_49' title='bbox 834 979 856 1006; x_wconf 92' lang='lat' dir='ltr'>e</span> <span class='ocrx_word' id='word_1_50' title='bbox 905 968 1088 1007; x_wconf 89' lang='lat' dir='ltr'>duarum</span> <span class='ocrx_word' id='word_1_51' title='bbox 1135 968 1371 1008; x_wconf 88' lang='lat' dir='ltr'>lectionum</span> <span class='ocrx_word' id='word_1_52' title='bbox 1418 969 1559 1017; x_wconf 92' lang='lat' dir='ltr'>apud</span> <span class='ocrx_word' id='word_1_53' title='bbox 1607 969 1754 1008; x_wconf 88' lang='lat' dir='ltr'>alios</span> 
     </span>
     <span class='ocr_line' id='line_1_9' title="bbox 181 1043 1234 1095; baseline -0.001 -10"><span class='ocrx_word' id='word_1_54' title='bbox 181 1045 380 1095; x_wconf 77' lang='lat' dir='ltr'>poetas</span> <span class='ocrx_word' id='word_1_55' title='bbox 411 1045 456 1083; x_wconf 89' lang='lat' dir='ltr'>et</span> <span class='ocrx_word' id='word_1_56' title='bbox 487 1043 548 1083; x_wconf 89' lang='lat' dir='ltr'>ab</span> <span class='ocrx_word' id='word_1_57' title='bbox 581 1044 718 1083; x_wconf 89' lang='lat' dir='ltr'>aliis</span> <span class='ocrx_word' id='word_1_58' title='bbox 750 1044 939 1092; x_wconf 83' lang='lat' dir='ltr'>poetis</span> <span class='ocrx_word' id='word_1_59' title='bbox 972 1044 1234 1084; x_wconf 82' lang='lat' dir='ltr'>confusione.</span> 
     </span>
    </p>

    <p class='ocr_par' dir='ltr' id='par_1_3' title="bbox 181 1120 1798 1236">
     <span class='ocr_line' id='line_1_10' title="bbox 241 1120 1798 1170; baseline 0.001 -10"><span class='ocrx_word' id='word_1_60' title='bbox 241 1121 282 1160; x_wconf 80' lang='lat'>2.</span> <span class='ocrx_word' id='word_1_61' title='bbox 324 1120 541 1166; x_wconf 82' lang='lat' dir='ltr'>lerant]</span> <span class='ocrx_word' id='word_1_62' title='bbox 590 1120 820 1169; x_wconf 84' lang='lat' dir='ltr'>„producte</span> <span class='ocrx_word' id='word_1_63' title='bbox 862 1120 882 1159; x_wconf 91' lang='lat' dir='ltr'>I</span> <span class='ocrx_word' id='word_1_64' title='bbox 922 1120 1266 1169; x_wconf 88' lang='lat' dir='ltr'>pronuntiando”</span> <span class='ocrx_word' id='word_1_65' title='bbox 1299 1121 1435 1170; x_wconf 88' lang='lat' dir='ltr'>Lege:</span> <span class='ocrx_word' id='word_1_66' title='bbox 1468 1122 1753 1170; x_wconf 90' lang='lat' dir='ltr'>pronunti·</span> <span class='ocrx_word' id='word_1_67' title='bbox 1796 1168 1798 1170; x_wconf 66' lang='lat'><em>,</em></span> 
     </span>
     <span class='ocr_line' id='line_1_11' title="bbox 181 1196 392 1236; baseline 0 0"><span class='ocrx_word' id='word_1_68' title='bbox 181 1196 392 1236; x_wconf 87' lang='lat' dir='ltr'>andum.</span> 
     </span>
    </p>

    <p class='ocr_par' dir='ltr' id='par_1_4' title="bbox 178 1272 1755 1398">
     <span class='ocr_line' id='line_1_12' title="bbox 240 1272 1755 1322; baseline 0.002 -11"><span class='ocrx_word' id='word_1_69' title='bbox 240 1272 462 1321; x_wconf 84' lang='lat' dir='ltr'>Sequitur:</span> <span class='ocrx_word' id='word_1_70' title='bbox 510 1273 646 1322; x_wconf 88' lang='lat' dir='ltr'>„quod</span> <span class='ocrx_word' id='word_1_71' title='bbox 689 1283 768 1312; x_wconf 92' lang='lat' dir='ltr'>nos</span> <span class='ocrx_word' id='word_1_72' title='bbox 810 1272 956 1312; x_wconf 88' lang='lat' dir='ltr'>addita</span> <span class='ocrx_word' id='word_1_73' title='bbox 996 1283 1024 1311; x_wconf 88' lang='lat' dir='ltr'>v</span> <span class='ocrx_word' id='word_1_74' title='bbox 1067 1273 1296 1312; x_wconf 90' lang='lat' dir='ltr'>iverant</span> <span class='ocrx_word' id='word_1_75' title='bbox 1327 1274 1534 1314; x_wconf 81' lang='lat' dir='ltr'>dicimus:</span> <span class='ocrx_word' id='word_1_76' title='bbox 1568 1275 1655 1315; x_wconf 92' lang='lat' dir='ltr'>tale</span> <span class='ocrx_word' id='word_1_77' title='bbox 1687 1276 1755 1314; x_wconf 88' lang='lat' dir='ltr'>est</span> 
     </span>
     <span class='ocr_line' id='line_1_13' title="bbox 178 1331 524 1398; baseline -0.003 -9"><span class='ocrx_word' id='word_1_78' title='bbox 178 1331 283 1389; x_wconf 77' lang='lat' dir='ltr'>fflud</span> <span class='ocrx_word' id='word_1_79' title='bbox 313 1347 524 1398; x_wconf 79' lang='lat' dir='ltr'>Virgiliiz·</span> 
     </span>
    </p>

    <p class='ocr_par' dir='ltr' id='par_1_5' title="bbox 195 1425 1523 1475">
     <span class='ocr_line' id='line_1_14' title="bbox 195 1425 1523 1475; baseline 0.002 -11"><span class='ocrx_word' id='word_1_80' title='bbox 195 1438 197 1440; x_wconf 94' lang='lat'>·</span> <span class='ocrx_word' id='word_1_81' title='bbox 402 1425 490 1465; x_wconf 91' lang='lat' dir='ltr'>Nos</span> <span class='ocrx_word' id='word_1_82' title='bbox 523 1425 682 1465; x_wconf 87' lang='lat' dir='ltr'>abiisse</span> <span class='ocrx_word' id='word_1_83' title='bbox 714 1426 798 1465; x_wconf 90' lang='lat' dir='ltr'>rati</span> <span class='ocrx_word' id='word_1_84' title='bbox 829 1426 873 1465; x_wconf 90' lang='lat' dir='ltr'>et</span> <span class='ocrx_word' id='word_1_85' title='bbox 904 1427 1034 1465; x_wconf 88' lang='lat' dir='ltr'>vento</span> <span class='ocrx_word' id='word_1_86' title='bbox 1066 1426 1244 1475; x_wconf 90' lang='lat' dir='ltr'>petiisse</span> <span class='ocrx_word' id='word_1_87' title='bbox 1277 1427 1523 1475; x_wconf 87' lang='lat' dir='ltr'>Mycenas.&#39;&#39;</span> 
     </span>
    </p>

    <p class='ocr_par' dir='ltr' id='par_1_6' title="bbox 179 1501 1754 1705">
     <span class='ocr_line' id='line_1_15' title="bbox 179 1501 1754 1552; baseline 0.002 -12"><span class='ocrx_word' id='word_1_88' title='bbox 179 1501 299 1541; x_wconf 90' lang='lat' dir='ltr'>Bona</span> <span class='ocrx_word' id='word_1_89' title='bbox 345 1501 580 1551; x_wconf 80' lang='lat' dir='ltr'>annotatio,</span> <span class='ocrx_word' id='word_1_90' title='bbox 633 1512 765 1550; x_wconf 89' lang='lat' dir='ltr'>quam</span> <span class='ocrx_word' id='word_1_91' title='bbox 812 1501 1107 1551; x_wconf 77' lang='lat' dir='ltr'>compilatoris</span> <span class='ocrx_word' id='word_1_92' title='bbox 1155 1503 1344 1552; x_wconf 89' lang='lat' dir='ltr'>corrupit</span> <span class='ocrx_word' id='word_1_93' title='bbox 1389 1503 1589 1543; x_wconf 90' lang='lat' dir='ltr'>stultitia.</span> <span class='ocrx_word' id='word_1_94' title='bbox 1640 1504 1754 1543; x_wconf 86' lang='lat' dir='ltr'>Olim</span> 
     </span>
     <span class='ocr_line' id='line_1_16' title="bbox 179 1577 1754 1630; baseline 0.002 -13"><span class='ocrx_word' id='word_1_95' title='bbox 179 1577 286 1617; x_wconf 85' lang='lat' dir='ltr'>haec</span> <span class='ocrx_word' id='word_1_96' title='bbox 331 1577 553 1627; x_wconf 89' lang='lat' dir='ltr'>legebatur</span> <span class='ocrx_word' id='word_1_97' title='bbox 594 1578 834 1618; x_wconf 89' lang='lat' dir='ltr'>sententia:</span> <span class='ocrx_word' id='word_1_98' title='bbox 883 1578 1009 1627; x_wconf 84' lang='lat' dir='ltr'>„Sine</span> <span class='ocrx_word' id='word_1_99' title='bbox 1050 1588 1078 1617; x_wconf 90' lang='lat' dir='ltr'><strong>v</strong></span> <span class='ocrx_word' id='word_1_100' title='bbox 1120 1578 1247 1618; x_wconf 88' lang='lat' dir='ltr'>litera</span> <span class='ocrx_word' id='word_1_101' title='bbox 1288 1579 1301 1618; x_wconf 91' lang='lat' dir='ltr'>i</span> <span class='ocrx_word' id='word_1_102' title='bbox 1343 1579 1498 1628; x_wconf 86' lang='lat' dir='ltr'>corripi</span> <span class='ocrx_word' id='word_1_103' title='bbox 1539 1580 1661 1630; x_wconf 82' lang='lat' dir='ltr'>solet,</span> <span class='ocrx_word' id='word_1_104' title='bbox 1706 1582 1754 1620; x_wconf 91' lang='lat' dir='ltr'>ut</span> 
     </span>
     <span class='ocr_line' id='line_1_17' title="bbox 179 1654 1622 1705; baseline 0.001 -12"><span class='ocrx_word' id='word_1_105' title='bbox 179 1654 291 1703; x_wconf 88' lang='lat' dir='ltr'>apud</span> <span class='ocrx_word' id='word_1_106' title='bbox 321 1654 574 1704; x_wconf 85' lang='lat' dir='ltr'>Virgilium:</span> <span class='ocrx_word' id='word_1_107' title='bbox 607 1664 687 1694; x_wconf 92' lang='lat' dir='ltr'>nos</span> <span class='ocrx_word' id='word_1_108' title='bbox 719 1655 877 1694; x_wconf 90' lang='lat' dir='ltr'>abiisse</span> <span class='ocrx_word' id='word_1_109' title='bbox 910 1665 945 1694; x_wconf 92' lang='lat' dir='ltr'>e.</span> <span class='ocrx_word' id='word_1_110' title='bbox 964 1665 1003 1703; x_wconf 90' lang='lat' dir='ltr'>q.</span> <span class='ocrx_word' id='word_1_111' title='bbox 1022 1665 1071 1704; x_wconf 90' lang='lat' dir='ltr'>s.‚</span> <span class='ocrx_word' id='word_1_112' title='bbox 1106 1656 1181 1694; x_wconf 92' lang='lat' dir='ltr'>sed</span> <span class='ocrx_word' id='word_1_113' title='bbox 1214 1666 1314 1695; x_wconf 89' lang='lat' dir='ltr'>cum</span> <span class='ocrx_word' id='word_1_114' title='bbox 1344 1666 1373 1694; x_wconf 88' lang='lat' dir='ltr'>v</span> <span class='ocrx_word' id='word_1_115' title='bbox 1404 1657 1622 1705; x_wconf 88' lang='lat' dir='ltr'>produci.”</span> 
     </span>
    </p>

    <p class='ocr_par' dir='ltr' id='par_1_7' title="bbox 179 1730 1754 2087">
     <span class='ocr_line' id='line_1_18' title="bbox 182 1730 1752 1782; baseline 0.002 -12"><span class='ocrx_word' id='word_1_116' title='bbox 182 1746 185 1748; x_wconf 97' lang='lat'>·</span> <span class='ocrx_word' id='word_1_117' title='bbox 240 1731 280 1770; x_wconf 86' lang='lat'>3.</span> <span class='ocrx_word' id='word_1_118' title='bbox 314 1731 369 1770; x_wconf 87' lang='lat' dir='ltr'>Si</span> <span class='ocrx_word' id='word_1_119' title='bbox 401 1731 557 1770; x_wconf 89' lang='lat' dir='ltr'>absis</span> <span class='ocrx_word' id='word_1_120' title='bbox 587 1731 833 1780; x_wconf 84' lang='lat' dir='ltr'>uspiam]</span> <span class='ocrx_word' id='word_1_121' title='bbox 872 1730 1089 1780; x_wconf 83' lang='lat' dir='ltr'>„abundat</span> <span class='ocrx_word' id='word_1_122' title='bbox 1119 1731 1362 1782; x_wconf 85' lang='lat' dir='ltr'>uspiam,</span> <span class='ocrx_word' id='word_1_123' title='bbox 1392 1734 1468 1771; x_wconf 91' lang='lat' dir='ltr'>aut</span> <span class='ocrx_word' id='word_1_124' title='bbox 1495 1733 1616 1772; x_wconf 89' lang='lat' dir='ltr'>deest</span> <span class='ocrx_word' id='word_1_125' title='bbox 1642 1744 1752 1782; x_wconf 90' lang='lat' dir='ltr'>pro-</span> 
     </span>
     <span class='ocr_line' id='line_1_19' title="bbox 179 1806 1752 1858; baseline 0.002 -12"><span class='ocrx_word' id='word_1_126' title='bbox 179 1806 390 1857; x_wconf 82' lang='lat' dir='ltr'>fectus,</span> <span class='ocrx_word' id='word_1_127' title='bbox 435 1808 510 1846; x_wconf 87' lang='lat' dir='ltr'>aut</span> <span class='ocrx_word' id='word_1_128' title='bbox 549 1807 642 1846; x_wconf 92' lang='lat' dir='ltr'>ubi</span> <span class='ocrx_word' id='word_1_129' title='bbox 683 1807 946 1856; x_wconf 91' lang='lat' dir='ltr'>uspiam.”</span> <span class='ocrx_word' id='word_1_130' title='bbox 989 1807 1070 1847; x_wconf 89' lang='lat' dir='ltr'>Pro</span> <span class='ocrx_word' id='word_1_131' title='bbox 1113 1809 1208 1847; x_wconf 90' lang='lat' dir='ltr'>aut</span> <span class='ocrx_word' id='word_1_132' title='bbox 1238 1808 1331 1847; x_wconf 87' lang='lat' dir='ltr'>ubi</span> <span class='ocrx_word' id='word_1_133' title='bbox 1361 1809 1582 1857; x_wconf 87' lang='lat' dir='ltr'>uspiam</span> <span class='ocrx_word' id='word_1_134' title='bbox 1613 1809 1752 1858; x_wconf 89' lang='lat' dir='ltr'>legen-</span> 
     </span>
     <span class='ocr_line' id='line_1_20' title="bbox 180 1882 1754 1938; baseline 0.002 -16"><span class='ocrx_word' id='word_1_135' title='bbox 180 1882 307 1922; x_wconf 90' lang='lat' dir='ltr'>dum:</span> <span class='ocrx_word' id='word_1_136' title='bbox 356 1885 452 1922; x_wconf 85' lang='lat' dir='ltr'>aut</span> <span class='ocrx_word' id='word_1_137' title='bbox 495 1884 717 1933; x_wconf 89' lang='lat' dir='ltr'>uspiam</span> <span class='ocrx_word' id='word_1_138' title='bbox 762 1883 855 1922; x_wconf 89' lang='lat' dir='ltr'>ubi</span> <span class='ocrx_word' id='word_1_139' title='bbox 899 1883 1014 1938; x_wconf 42' lang='lat' dir='ltr'>(i.¹e:</span> <span class='ocrx_word' id='word_1_140' title='bbox 1059 1886 1134 1923; x_wconf 93' lang='lat' dir='ltr'>aut</span> <span class='ocrx_word' id='word_1_141' title='bbox 1175 1884 1395 1933; x_wconf 86' lang='lat' dir='ltr'>uspiam</span> <span class='ocrx_word' id='word_1_142' title='bbox 1438 1885 1508 1924; x_wconf 90' lang='lat' dir='ltr'>hic</span> <span class='ocrx_word' id='word_1_143' title='bbox 1539 1885 1655 1924; x_wconf 88' lang='lat' dir='ltr'>idem</span> <span class='ocrx_word' id='word_1_144' title='bbox 1687 1888 1754 1925; x_wconf 91' lang='lat' dir='ltr'>est</span> 
     </span>
     <span class='ocr_line' id='line_1_21' title="bbox 180 1958 1754 2007; baseline 0.002 -9"><span class='ocrx_word' id='word_1_145' title='bbox 180 1958 292 2007; x_wconf 91' lang='lat' dir='ltr'>quod</span> <span class='ocrx_word' id='word_1_146' title='bbox 337 1959 467 2006; x_wconf 90' lang='lat' dir='ltr'>ubi).</span> <span class='ocrx_word' id='word_1_147' title='bbox 516 1959 746 1999; x_wconf 88' lang='lat' dir='ltr'>Klotziana</span> <span class='ocrx_word' id='word_1_148' title='bbox 792 1960 924 1999; x_wconf 89' lang='lat' dir='ltr'>habet</span> <span class='ocrx_word' id='word_1_149' title='bbox 970 1961 1065 1999; x_wconf 92' lang='lat' dir='ltr'>aut</span> <span class='ocrx_word' id='word_1_150' title='bbox 1111 1960 1190 2000; x_wconf 90' lang='lat' dir='ltr'>ibi</span> <span class='ocrx_word' id='word_1_151' title='bbox 1238 1962 1282 2000; x_wconf 92' lang='lat' dir='ltr'>et</span> <span class='ocrx_word' id='word_1_152' title='bbox 1313 1960 1380 2006; x_wconf 58' lang='lat' dir='ltr'>‚ab</span> <span class='ocrx_word' id='word_1_153' title='bbox 1423 1961 1491 2000; x_wconf 90' lang='lat' dir='ltr'>his</span> <span class='ocrx_word' id='word_1_154' title='bbox 1533 1962 1754 2001; x_wconf 87' lang='lat' dir='ltr'>vocabulis</span> 
     </span>
     <span class='ocr_line' id='line_1_22' title="bbox 180 2035 1409 2087; baseline 0.002 -13"><span class='ocrx_word' id='word_1_155' title='bbox 180 2044 343 2075; x_wconf 80' lang='lat' dir='ltr'>novum</span> <span class='ocrx_word' id='word_1_156' title='bbox 374 2035 588 2076; x_wconf 89' lang='lat' dir='ltr'>scholium</span> <span class='ocrx_word' id='word_1_157' title='bbox 620 2037 796 2076; x_wconf 88' lang='lat' dir='ltr'>orditur.</span> <span class='ocrx_word' id='word_1_158' title='bbox 831 2037 972 2076; x_wconf 91' lang='lat' dir='ltr'>Minus</span> <span class='ocrx_word' id='word_1_159' title='bbox 1003 2038 1132 2087; x_wconf 91' lang='lat' dir='ltr'>recte,</span> <span class='ocrx_word' id='word_1_160' title='bbox 1166 2038 1216 2076; x_wconf 93' lang='lat' dir='ltr'>ut</span> <span class='ocrx_word' id='word_1_161' title='bbox 1248 2037 1409 2086; x_wconf 82' lang='lat' dir='ltr'>opinor.</span> 
     </span>
    </p>

    <p class='ocr_par' dir='ltr' id='par_1_8' title="bbox 180 2111 1754 2458">
     <span class='ocr_line' id='line_1_23' title="bbox 241 2111 1753 2163; baseline 0.002 -12"><span class='ocrx_word' id='word_1_162' title='bbox 241 2111 281 2151; x_wconf 84' lang='lat'>4.</span> <span class='ocrx_word' id='word_1_163' title='bbox 325 2111 380 2151; x_wconf 89' lang='lat' dir='ltr'>Si</span> <span class='ocrx_word' id='word_1_164' title='bbox 421 2115 639 2160; x_wconf 87' lang='lat' dir='ltr'>cesses]</span> <span class='ocrx_word' id='word_1_165' title='bbox 687 2114 767 2163; x_wconf 88' lang='lat' dir='ltr'>„ad</span> <span class='ocrx_word' id='word_1_166' title='bbox 798 2124 981 2153; x_wconf 84' lang='lat' dir='ltr'>uxorem</span> <span class='ocrx_word' id='word_1_167' title='bbox 1013 2114 1172 2153; x_wconf 86' lang='lat' dir='ltr'>iratam</span> <span class='ocrx_word' id='word_1_168' title='bbox 1204 2114 1337 2153; x_wconf 85' lang='lat' dir='ltr'>refert</span> <span class='ocrx_word' id='word_1_169' title='bbox 1368 2114 1413 2153; x_wconf 91' lang='lat' dir='ltr'>in</span> <span class='ocrx_word' id='word_1_170' title='bbox 1444 2115 1753 2154; x_wconf 89' lang='lat' dir='ltr'>desertorem.’&#39;</span> 
     </span>
     <span class='ocr_line' id='line_1_24' title="bbox 181 2186 1753 2240; baseline 0.002 -13"><span class='ocrx_word' id='word_1_171' title='bbox 181 2186 264 2227; x_wconf 88' lang='lat' dir='ltr'>Hic</span> <span class='ocrx_word' id='word_1_172' title='bbox 309 2197 476 2237; x_wconf 90' lang='lat' dir='ltr'>quoque</span> <span class='ocrx_word' id='word_1_173' title='bbox 516 2189 674 2228; x_wconf 89' lang='lat' dir='ltr'>bonam</span> <span class='ocrx_word' id='word_1_174' title='bbox 717 2190 1066 2230; x_wconf 88' lang='lat' dir='ltr'>observationem</span> <span class='ocrx_word' id='word_1_175' title='bbox 1108 2190 1361 2240; x_wconf 87' lang='lat' dir='ltr'>depravavit</span> <span class='ocrx_word' id='word_1_176' title='bbox 1402 2191 1564 2230; x_wconf 91' lang='lat' dir='ltr'>stultus</span> <span class='ocrx_word' id='word_1_177' title='bbox 1597 2191 1753 2240; x_wconf 89' lang='lat' dir='ltr'>compi-</span> 
     </span>
     <span class='ocr_line' id='line_1_25' title="bbox 180 2262 1752 2317; baseline 0.003 -14"><span class='ocrx_word' id='word_1_178' title='bbox 180 2262 304 2303; x_wconf 82' lang='lat' dir='ltr'>lator.</span> <span class='ocrx_word' id='word_1_179' title='bbox 351 2264 445 2304; x_wconf 90' lang='lat' dir='ltr'>Hoc</span> <span class='ocrx_word' id='word_1_180' title='bbox 485 2265 603 2304; x_wconf 88' lang='lat' dir='ltr'>enim</span> <span class='ocrx_word' id='word_1_181' title='bbox 645 2267 964 2306; x_wconf 89' lang='lat' dir='ltr'>commentator</span> <span class='ocrx_word' id='word_1_182' title='bbox 1004 2267 1162 2306; x_wconf 89' lang='lat' dir='ltr'>voluit:</span> <span class='ocrx_word' id='word_1_183' title='bbox 1212 2277 1469 2317; x_wconf 88' lang='lat' dir='ltr'>„cessare</span> <span class='ocrx_word' id='word_1_184' title='bbox 1500 2268 1669 2316; x_wconf 83' lang='lat' dir='ltr'>proprie</span> <span class='ocrx_word' id='word_1_185' title='bbox 1701 2269 1752 2307; x_wconf 93' lang='lat' dir='ltr'>de</span> 
     </span>
     <span class='ocr_line' id='line_1_26' title="bbox 181 2339 1754 2392; baseline 0.001 -11"><span class='ocrx_word' id='word_1_186' title='bbox 181 2341 399 2381; x_wconf 86' lang='lat' dir='ltr'>desertore</span> <span class='ocrx_word' id='word_1_187' title='bbox 445 2341 612 2392; x_wconf 85' lang='lat' dir='ltr'>dicitur,</span> <span class='ocrx_word' id='word_1_188' title='bbox 661 2352 775 2382; x_wconf 90' lang='lat' dir='ltr'>nunc</span> <span class='ocrx_word' id='word_1_189' title='bbox 821 2342 968 2382; x_wconf 92' lang='lat' dir='ltr'>odioso</span> <span class='ocrx_word' id='word_1_190' title='bbox 1015 2342 1099 2383; x_wconf 91' lang='lat' dir='ltr'>isto</span> <span class='ocrx_word' id='word_1_191' title='bbox 1140 2343 1272 2383; x_wconf 90' lang='lat' dir='ltr'>verbo</span> <span class='ocrx_word' id='word_1_192' title='bbox 1314 2343 1425 2383; x_wconf 86' lang='lat' dir='ltr'>irata</span> <span class='ocrx_word' id='word_1_193' title='bbox 1466 2339 1576 2384; x_wconf 79' lang='lat' dir='ltr'>uxor</span> <span class='ocrx_word' id='word_1_194' title='bbox 1617 2345 1754 2383; x_wconf 89' lang='lat' dir='ltr'>utitur</span> 
     </span>
     <span class='ocr_line' id='line_1_27' title="bbox 181 2417 467 2458; baseline 0 -1"><span class='ocrx_word' id='word_1_195' title='bbox 181 2417 233 2457; x_wconf 92' lang='lat' dir='ltr'>de</span> <span class='ocrx_word' id='word_1_196' title='bbox 264 2417 467 2458; x_wconf 89' lang='lat' dir='ltr'>marito.’&#39;</span> 
     </span>
    </p>

    <p class='ocr_par' dir='ltr' id='par_1_9' title="bbox 182 2494 1756 2697">
     <span class='ocr_line' id='line_1_28' title="bbox 245 2494 1711 2543; baseline 0.002 -10"><span class='ocrx_word' id='word_1_197' title='bbox 245 2494 312 2534; x_wconf 82' lang='lat'>15.</span> <span class='ocrx_word' id='word_1_198' title='bbox 405 2494 538 2543; x_wconf 89' lang='lat' dir='ltr'>Atqui</span> <span class='ocrx_word' id='word_1_199' title='bbox 570 2505 625 2534; x_wconf 84' lang='lat' dir='ltr'>ex</span> <span class='ocrx_word' id='word_1_200' title='bbox 656 2505 727 2534; x_wconf 92' lang='lat' dir='ltr'>me</span> <span class='ocrx_word' id='word_1_201' title='bbox 760 2495 830 2535; x_wconf 89' lang='lat' dir='ltr'>hic</span> <span class='ocrx_word' id='word_1_202' title='bbox 862 2506 948 2535; x_wconf 91' lang='lat' dir='ltr'>non</span> <span class='ocrx_word' id='word_1_203' title='bbox 979 2497 1109 2535; x_wconf 90' lang='lat' dir='ltr'>natus</span> <span class='ocrx_word' id='word_1_204' title='bbox 1142 2498 1210 2535; x_wconf 92' lang='lat' dir='ltr'>est</span> <span class='ocrx_word' id='word_1_205' title='bbox 1240 2497 1316 2536; x_wconf 91' lang='lat' dir='ltr'>sed</span> <span class='ocrx_word' id='word_1_206' title='bbox 1347 2497 1480 2536; x_wconf 87' lang='lat' dir='ltr'>fratre</span> <span class='ocrx_word' id='word_1_207' title='bbox 1514 2508 1568 2536; x_wconf 84' lang='lat' dir='ltr'>ex</span> <span class='ocrx_word' id='word_1_208' title='bbox 1600 2507 1711 2536; x_wconf 91' lang='lat' dir='ltr'>meo.</span> 
     </span>
     <span class='ocr_line' id='line_1_29' title="bbox 182 2569 1752 2622; baseline 0.003 -14"><span class='ocrx_word' id='word_1_209' title='bbox 182 2570 284 2609; x_wconf 87' lang='lat' dir='ltr'>Sed</span> <span class='ocrx_word' id='word_1_210' title='bbox 326 2579 392 2608; x_wconf 79' lang='lat' dir='ltr'>ex</span> <span class='ocrx_word' id='word_1_211' title='bbox 431 2569 638 2617; x_wconf 87' lang='lat' dir='ltr'>fratre]</span> <span class='ocrx_word' id='word_1_212' title='bbox 687 2571 794 2620; x_wconf 87' lang='lat' dir='ltr'>„hoc</span> <span class='ocrx_word' id='word_1_213' title='bbox 836 2573 903 2610; x_wconf 90' lang='lat' dir='ltr'>est</span> <span class='ocrx_word' id='word_1_214' title='bbox 945 2571 1121 2611; x_wconf 90' lang='lat' dir='ltr'>omnino</span> <span class='ocrx_word' id='word_1_215' title='bbox 1154 2582 1239 2611; x_wconf 91' lang='lat' dir='ltr'>non</span> <span class='ocrx_word' id='word_1_216' title='bbox 1272 2572 1440 2612; x_wconf 90' lang='lat' dir='ltr'>alienus</span> <span class='ocrx_word' id='word_1_217' title='bbox 1473 2573 1582 2612; x_wconf 85' lang='lat' dir='ltr'>est.’&#39;</span> <span class='ocrx_word' id='word_1_218' title='bbox 1617 2573 1752 2622; x_wconf 87' lang='lat' dir='ltr'>Lege:</span> 
     </span>
     <span class='ocr_line' id='line_1_30' title="bbox 184 2645 1756 2697; baseline 0.003 -13"><span class='ocrx_word' id='word_1_219' title='bbox 184 2655 297 2696; x_wconf 88' lang='lat' dir='ltr'>„non</span> <span class='ocrx_word' id='word_1_220' title='bbox 327 2645 502 2685; x_wconf 90' lang='lat' dir='ltr'>omnino</span> <span class='ocrx_word' id='word_1_221' title='bbox 534 2645 700 2686; x_wconf 89' lang='lat' dir='ltr'>alienus</span> <span class='ocrx_word' id='word_1_222' title='bbox 731 2648 841 2687; x_wconf 89' lang='lat' dir='ltr'>est.&#39;’</span> <span class='ocrx_word' id='word_1_223' title='bbox 1747 2692 1756 2697; x_wconf 53' lang='grc'>,</span> 
     </span>
    </p>

    <p class='ocr_par' dir='ltr' id='par_1_10' title="bbox 244 2720 1755 2773">
     <span class='ocr_line' id='line_1_31' title="bbox 244 2720 1755 2773; baseline 0.003 -13"><span class='ocrx_word' id='word_1_224' title='bbox 244 2722 311 2761; x_wconf 90' lang='grc'>16.</span> <span class='ocrx_word' id='word_1_225' title='bbox 345 2720 693 2762; x_wconf 85' lang='lat' dir='ltr'>Clementem</span> <span class='ocrx_word' id='word_1_226' title='bbox 723 2724 917 2770; x_wconf 89' lang='lat' dir='ltr'>vitam]</span> <span class='ocrx_word' id='word_1_227' title='bbox 956 2723 1120 2773; x_wconf 86' lang='lat' dir='ltr'>„figura</span> <span class='ocrx_word' id='word_1_228' title='bbox 1151 2724 1287 2773; x_wconf 89' lang='lat' dir='ltr'>ipsa.’&#39;</span> <span class='ocrx_word' id='word_1_229' title='bbox 1321 2725 1512 2764; x_wconf 91' lang='lat' dir='ltr'>Misellae</span> <span class='ocrx_word' id='word_1_230' title='bbox 1544 2725 1625 2764; x_wconf 92' lang='lat' dir='ltr'>hae</span> <span class='ocrx_word' id='word_1_231' title='bbox 1652 2727 1755 2764; x_wconf 90' lang='lat' dir='ltr'>sunt</span> 
     </span>
    </p>
   </div>
   <div class='ocr_carea' id='block_1_3' title="bbox 89 2797 1754 2850">
    <p class='ocr_par' dir='ltr' id='par_1_11' title="bbox 89 2797 1754 2850">
     <span class='ocr_line' id='line_1_32' title="bbox 89 2797 1754 2850; baseline 0.002 -14"><span class='ocrx_word' id='word_1_232' title='bbox 89 2821 99 2829; x_wconf 85' lang='lat'>-</span> <span class='ocrx_word' id='word_1_233' title='bbox 181 2797 387 2846; x_wconf 89' lang='lat' dir='ltr'>reliquiae</span> <span class='ocrx_word' id='word_1_234' title='bbox 444 2797 741 2838; x_wconf 89' lang='lat' dir='ltr'>huiuscemodi</span> <span class='ocrx_word' id='word_1_235' title='bbox 796 2799 971 2839; x_wconf 90' lang='lat' dir='ltr'>scholii:</span> <span class='ocrx_word' id='word_1_236' title='bbox 1034 2799 1218 2850; x_wconf 87' lang='lat' dir='ltr'>„Figura</span> <span class='ocrx_word' id='word_1_237' title='bbox 1274 2801 1548 2848; x_wconf 88' lang='lat' dir='ltr'>(sequebatur</span> <span class='ocrx_word' id='word_1_238' title='bbox 1594 2811 1754 2840; x_wconf 90' lang='lat' dir='ltr'>nomen</span> 
     </span>
    </p>
   </div>
   <div class='ocr_carea' id='block_1_4' title="bbox 180 2872 1784 2990">
    <p class='ocr_par' dir='ltr' id='par_1_12' title="bbox 180 2872 1784 2990">
     <span class='ocr_line' id='line_1_33' title="bbox 180 2872 1784 2939; baseline 0.002 -27"><span class='ocrx_word' id='word_1_239' title='bbox 180 2872 381 2923; x_wconf 87' lang='lat' dir='ltr'>figurae):</span> <span class='ocrx_word' id='word_1_240' title='bbox 429 2883 516 2913; x_wconf 88' lang='lat' dir='ltr'>non</span> <span class='ocrx_word' id='word_1_241' title='bbox 562 2873 679 2913; x_wconf 90' lang='lat' dir='ltr'>enim</span> <span class='ocrx_word' id='word_1_242' title='bbox 725 2874 819 2924; x_wconf 91' lang='lat' dir='ltr'>ipsa</span> <span class='ocrx_word' id='word_1_243' title='bbox 864 2876 957 2914; x_wconf 88' lang='lat' dir='ltr'>vita</span> <span class='ocrx_word' id='word_1_244' title='bbox 1001 2876 1194 2939; x_wconf 77' lang='lat' dir='ltr'>clemens</span> <span class='ocrx_word' id='word_1_245' title='bbox 1241 2878 1321 2926; x_wconf 78' lang='lat' dir='ltr'>est,</span> <span class='ocrx_word' id='word_1_246' title='bbox 1369 2877 1444 2915; x_wconf 91' lang='lat' dir='ltr'>sed</span> <span class='ocrx_word' id='word_1_247' title='bbox 1492 2877 1784 2916; x_wconf 48' lang='lat' dir='ltr'>clementem*</span> 
     </span>
     <span class='ocr_line' id='line_1_34' title="bbox 181 2949 328 2990; baseline 0 -1"><span class='ocrx_word' id='word_1_248' title='bbox 181 2949 328 2990; x_wconf 85' lang='lat' dir='ltr'>facit.”</span> 
     </span>
    </p>
   </div>
  </div>
 </body>
</html>
