2002 3464
956 375 1009 414 27

200 501 400 541 viderunt
441 502 485 540 et
529 500 657 550 „cur”
701 500 900 548 inquiunt
945 501 1032 549 „ita
1074 501 1141 539 est
1182 501 1230 539 ut
1271 501 1319 539 tu
1360 501 1422 539 sis
1464 510 1595 548 quam
1631 509 1766 548 equus

197 577 384 619 curatior
394 577 443 616 ?”
1515 581 1518 583 ’

257 653 339 693 Sed
366 653 466 702 quid
483 653 567 692 isto
595 653 788 701 itaque
816 664 945 702 ergo
974 664 1053 692 am
1068 655 1234 693 antur
1250 654 1408 693 faciam
1426 654 1579 692 dubius
1596 653 1764 692 haereo.

199 729 289 780 Quo
315 729 432 770 enim
458 739 590 769 sensu
616 729 731 768 dicta
757 740 808 768 ea
826 731 928 768 sunt
946 731 988 768 et
1005 731 1216 778 quomodo
1234 730 1580 779 pronuntianda?
1597 729 1768 768 Dixeris

197 815 299 846 cum
340 805 494 846 acerba
534 805 752 854 irrisione3
795 806 876 845 hoc
917 806 1033 845 enim
1075 806 1186 845 velle
1224 806 1483 846 Chaeream:
1521 806 1608 856 „ita
1638 805 1688 844 fit
1718 806 1767 845 ut

171 891 323 936 >nemo
356 892 431 921 eas
463 892 611 922 amare
642 882 823 931 possit.'’
856 881 980 921 Certe
1012 882 1119 921 haec
1150 883 1367 921 sententia
1394 882 1555 931 optime
1583 882 1626 920 in
1653 882 1767 920 hunc

193 957 337 997 locum
378 957 571 1007 quadrat,
616 958 691 996 sed
733 959 881 997 eratne
923 958 1100 997 vocibus
1139 959 1332 1007 itaque
1380 968 1509 1007 ergo
1552 958 1767 1007 iungenda

193 1027 294 1074 011111
324 1033 378 1072 iis
410 1044 518 1082 quae
549 1035 840 1083 praecedunt?

177 1135 179 1137 -
251 1109 412 1153 Deinde
438 1110 618 1159 virginis
646 1111 727 1149 sibi
756 1111 1009 1159 conspectae
1037 1110 1230 1159 singulas
1254 1112 1480 1150 enumerat
1496 1112 1763 1160 venustates,

191 1187 268 1227 sed
294 1187 407 1226 unde
434 1187 509 1226 illa
535 1187 594 1226 sit
621 1188 771 1227 cuiave
800 1189 929 1236 atque
945 1188 1018 1227 ubi
1034 1188 1201 1227 habitet
1218 1188 1386 1237 roganti
1403 1188 1663 1227 Parmenoni
1680 1198 1766 1226 non

141 1258 146 1259 ⁷
191 1262 322 1303 habet
363 1263 474 1312 quod
514 1264 783 1312 respondeat.
828 1263 1020 1303 Tandem
1062 1264 1274 1303 Parmeno
1320 1275 1431 1314 „qua
1462 1265 1628 1303 ratione
1661 1264 1764 1303 ami-

191 1339 290 1380 sisti
300 1340 349 1379 ?”
381 1341 517 1390 rogat,
551 1341 680 1389 atque
713 1339 924 1380 Chaerea:

371 1411 419 1457 Id
450 1416 650 1466 equidem
682 1417 916 1456 adveniens
948 1427 1123 1456 mecum
1155 1418 1461 1457 stomachabar
1491 1417 1633 1456 modo.

125 1497 132 1502 ”
193 1491 352 1532 Graece
394 1493 501 1533 haec
543 1494 686 1532 verte:
729 1498 851 1532 ταῦτα
893 1490 966 1546 γὰρ
1009 1490 1075 1532 καὶ
1117 1491 1373 1545 ἐχαλέπαινον
1417 1493 1534 1545 δεῦρο
1579 1492 1766 1544 βαδίζων,

190 1567 332 1618 ipsam
374 1567 589 1613 Chaereae
626 1579 779 1608 vocem
811 1569 986 1619 plenam
1018 1569 1264 1609 iracundiae
1296 1569 1586 1618 tristitiaeque
1618 1569 1764 1608 audire

190 1643 270 1684 tibi
309 1644 536 1684 videberis.
569 1645 716 1694 Neque
747 1646 916 1694 poterat
951 1646 1093 1694 aptius
1123 1646 1198 1684 ille
1230 1646 1412 1700 verbum
1445 1646 1601 1694 eligere
1633 1656 1765 1693 quam

191 1719 272 1760 hoc
313 1721 712 1760 stomachandi
755 1723 843 1769 est;
887 1722 1130 1760 rectissime
1158 1722 1275 1761 enim
1318 1722 1422 1761 illud
1455 1722 1681 1761 adhibetur
1713 1722 1764 1761 de

191 1806 240 1836 eo
281 1796 354 1845 qui
394 1796 606 1847 irascitur,
651 1798 726 1836 sed
768 1798 827 1836 nil
869 1798 1009 1837 facere
1050 1799 1206 1847 potest.
1252 1797 1505 1838 Conferatur
1547 1797 1763 1837 Ciceronis

190 1871 318 1912 illud:
355 1873 744 1923 „stomachabatur
776 1873 947 1923 Canius,
982 1874 1057 1913 sed
1090 1874 1189 1923 quid
1222 1874 1442 1914 faceret?”

251 1947 389 1998 Quam
430 1949 590 1989 infelici
633 1960 736 1989 casu
767 1950 932 1989 factum
965 1950 1023 1989 sit
1054 1952 1104 1989 ut
1134 1950 1350 2000 virginem
1383 1962 1438 1990 ex
1470 1951 1605 1991 oculis
1638 1952 1761 1991 amit-

189 2025 313 2075 teret,
361 2025 628 2075 lepidissima
675 2027 757 2066 hac
796 2026 997 2076 vitaeque
1039 2027 1166 2076 plena
1207 2027 1486 2067 altercatione
1528 2029 1673 2077 palam
1714 2027 1764 2068 fit

191 2103 270 2148 (vs.
305 2102 389 2142 327
423 2104 554 2151 sqq.):

281 2177 350 2218 Oh.
383 2178 526 2218 Patris
559 2181 791 2228 cognatum
824 2180 952 2228 atque
985 2179 1211 2228 aequalem
1242 2180 1594 2220 Archidemidem

193 2264 195 2267 ·
278 2255 510 2295 Novistin?
536 2255 612 2295 Pa.
642 2255 748 2305 Quid
765 2256 841 2295 ni?
862 2254 930 2296 Oh.
950 2256 992 2295 Is
1010 2257 1114 2295 dum
1130 2256 1242 2295 hanc
1259 2267 1415 2305 sequor
1430 2255 1480 2295 fit
1495 2257 1558 2295 mi
1574 2257 1760 2297 obviam.

190 2330 308 2381 Quod
349 2331 533 2371 simulac
575 2332 740 2371 audivit
782 2332 994 2371 Parmeno
1041 2332 1339 2382 „incommode
1382 2333 1552 2372 hercle''
1587 2333 1660 2372 ait.
1694 2333 1762 2390 Nil

188 2409 358 2457 poterat
393 2408 576 2447 facetius
609 2409 845 2457 excogitari
878 2419 1008 2457 quam
1041 2409 1122 2448 1100
1153 2409 1437 2448 Parmenonis
1470 2410 1646 2460 dictum,
1680 2420 1762 2458 quo

190 2484 234 2522 et
269 2482 619 2524 Archidemidem
652 2485 776 2524 illum
807 2485 937 2534 probe
969 2496 1016 2524 se
1048 2495 1176 2525 nosse
1209 2484 1425 2534 significat
1457 2487 1500 2524 et
1533 2487 1761 2535 expertum

189 2559 299 2599 scire
342 2560 442 2609 quid
483 2561 541 2600 sit
582 2561 645 2600 illi
686 2562 860 2601 obviam
902 2562 1061 2601 venire.
1104 2562 1297 2612 Vultum,
1338 2562 1493 2612 hercle,
1528 2562 1598 2601 hic
1630 2563 1769 2602 iocosi

190 2635 309 2675 servi
338 2637 640 2686 conspicimus.

251 2711 399 2761 Quivis
456 2712 566 2752 alius
622 2714 691 2753 1110
746 2714 902 2753 leniter
958 2715 1128 2754 rideret.
1178 2715 1376 2755 Graviter
1423 2726 1524 2754 vero
1572 2714 1763 2755 Chaerea

190 2790 268 2834 (vs.
303 2787 388 2827 329
421 2790 524 2836 sq.):
1082 2787 1086 2791 “

784 2867 925 2906 11111110
958 2868 1074 2906 0111111
1107 2877 1208 2907 vero
1241 2868 1490 2907 infeliciter:

400 2940 512 2979 Nam
545 2941 818 2982 incommoda
849 2943 934 2983 alia
966 2944 1069 2982 sunt
1100 2943 1290 2994 dicenda,
1325 2944 1550 2984 Parmeno.
