2002 3464
940 361 1019 400 167

251 489 283 539 I,
333 490 372 539 2,
421 491 461 530 6.
510 488 747 533 Omitto]
801 484 1099 538 „naedknwtgss’
1147 485 1289 525 Immo
1331 485 1583 538 παράλειψις.
1628 487 1761 537 Saepe

191 565 255 606 sic
285 565 331 605 in
360 564 517 604 Donati
549 563 808 603 editionibus
841 563 1055 611 peccatur.

252 642 320 681 21.
353 640 497 691 „Quod
523 650 622 679 cum
649 639 746 678 aliiS
773 649 905 688 grave
932 639 1201 687 propositum
1229 639 1307 687 est,
1327 639 1408 678 hoc
1424 639 1566 678 solum
1583 639 1761 678 dicendo

189 717 284 758 leve
330 717 480 766 reddit,
524 716 566 755 id
608 716 675 754 est
706 716 726 753 f
735 725 860 754 ores
893 715 1174 763 effregit.”
1210 715 1434 754 Sententia
1466 715 1555 754 est:
1593 716 1762 764 „cetera

189 792 394 832 Aeschini
448 791 638 831 facinora
695 791 778 829 alio
832 791 1020 839 appellat
1066 790 1241 830 nomine
1289 790 1436 839 Micio;
1486 791 1567 830 hoc
1613 793 1761 830 autem

190 868 317 915 (fores
343 867 537 916 effregit),
567 867 678 915 quod
705 877 837 915 grave
864 866 987 906 fieret
1013 867 1231 917 delictum,
1261 867 1299 906 si
1325 867 1457 906 simul
1485 878 1584 906 cum
1607 867 1761 906 ceteris

189 943 393 984 Aeschini
422 943 611 993 peccatis
644 944 1070 992 commemoraretur,
1105 943 1200 982 leve
1233 943 1372 982 reddit
1403 943 1654 992 separando.

249 1019 436 1060 24—27.
1143 1019 1206 1058 Tu
1238 1030 1352 1059 nunc
1383 1019 1462 1059 tibi

451 1095 499 1134 Id
531 1095 647 1135 laudi
679 1096 811 1145 ducis,
847 1096 960 1144 quod
993 1106 1078 1135 non
1110 1096 1253 1134 fecisti
1286 1096 1461 1145 inopia?

454 1172 666 1211 Iniurium
698 1173 777 1222 est,
812 1182 916 1211 nam
947 1172 986 1211 si
1019 1173 1136 1211 esset
1166 1173 1279 1211 unde
1311 1173 1353 1211 id
1384 1171 1507 1212 fieret

453 1249 725 1288 Faceremus.

186 1325 252 1365 Ad
272 1321 275 1328 '
298 1335 363 1365 vs.
408 1326 462 1366 26
506 1325 761 1364 annotatur:
810 1334 922 1374 „non
964 1325 1032 1364 est
1073 1325 1318 1364 necessario
1361 1335 1642 1375 consequens,
1685 1326 1761 1365 sed

184 1401 461 1452 probabiliter
502 1401 747 1440 admittitur
789 1401 900 1450 apud
943 1401 1180 1440 oratoreS.’'
1218 1402 1354 1450 Lege:
1388 1402 1447 1440 ut
1479 1402 1619 1451 apud
1652 1412 1760 1441 ora-

185 1478 362 1518 tores:
405 1479 487 1519 hoc
527 1489 613 1518 non
654 1478 898 1518 necessario
936 1477 1143 1528 sequitur,
1178 1478 1253 1517 sed
1285 1479 1513 1527 tamquam
1544 1477 1761 1528 probabile

183 1555 385 1606 sumitur,
419 1557 469 1595 ut
500 1557 693 1595 oratores
725 1555 866 1594 facere
898 1554 1052 1594 solent.

247 1631 302 1671 29
543 1631 627 1670 Ubi
659 1632 703 1670 te
736 1631 1040 1680 exspectatum
1072 1630 1272 1670 eiecisset
1303 1631 1431 1671 foras.

179 1707 598 1763 Expectatum]
624 1707 848 1756 „odiosum
880 1707 924 1745 et
955 1706 1097 1746 malae
1128 1707 1289 1746 vitae.'’
1322 1707 1404 1747 Pro
1431 1707 1613 1747 malae
1639 1708 1761 1747 varia

186 1783 312 1823 lectio
345 1785 413 1823 est
443 1783 744 1832 molestae,
780 1793 911 1831 quam
938 1783 1100 1832 recepit
1127 1783 1368 1823 Klotziana.
1398 1784 1502 1823 Mihi
1528 1785 1760 1833 utrumque

186 1859 396 1910 displicet.
454 1861 590 1910 Lego:
652 1860 876 1910 „odiosum
934 1860 977 1899 et
1023 1859 1169 1899 male
1217 1860 1408 1900 vivum
1452 1861 1492 1907 (i.
1522 1871 1581 1900 e.:
1631 1871 1761 1910 quem

185 1937 333 1977 vivere
364 1937 499 1977 etiam
530 1937 574 1976 et
605 1937 687 1986 ipsi
719 1937 763 1976 et
795 1935 892 1975 aliis
924 1935 1161 1979 molestum
1193 1937 1288 1983 est).

246 2013 317 2053 56.
368 2013 618 2063 „Rusticani
664 2012 880 2052 stomachi
928 2013 996 2052 est
1042 2013 1234 2062 repetere
1277 2002 1449 2062 semper
1490 2014 1622 2054 verba
1652 2025 1761 2063 quae

187 2088 350 2128 invitus
391 2087 502 2128 alius
534 2088 759 2128 audierit.’'
793 2088 888 2128 Non
921 2089 1171 2138 corruptum
1203 2089 1458 2129 audierit
1489 2090 1564 2129 sed
1597 2091 1762 2130 dictum

163 2165 250 2205 ‘ita
292 2164 342 2205 ut
387 2164 548 2205 Graece
594 2162 800 2205 ἀκούσειεν
843 2162 906 2205 ἄν.
953 2165 1175 2205 Excidisse
1218 2167 1368 2205 tamen
1406 2157 1555 2215 opinor
1586 2168 1762 2207 semel

186 2242 285 2291 post
316 2241 581 2282 audierit.

247 2317 300 2357 71
329 2327 392 2367 sq.
888 2318 1015 2358 'Dixit
1046 2318 1158 2358 velle
1190 2329 1372 2361 uxorem
1405 2319 1582 2359 ducere:

485 2394 719 2444 Sperabam
752 2395 841 2434 iam
872 2395 1108 2434 defervisse
1140 2395 1492 2436 adolescentiam.

189 2469 309 2509 Sch.:
357 2471 491 2520 „mire
529 2481 615 2511 non
646 2471 779 2511 dixit:
814 2471 1043 2521 sperabam
1076 2471 1200 2511 illum
1233 2473 1321 2511 iam
1355 2473 1647 2522 corruptum.'’
1682 2475 1762 2514 Pro

188 2548 514 2596 corruptum
571 2547 665 2597 lege
713 2549 976 2588 correctum:
1026 2558 1112 2587 non
1159 2549 1359 2598 magistri
1406 2559 1579 2589 morum
1625 2551 1763 2591 instar

189 2621 313 2662 Micio
344 2622 543 2674 loquitur,
577 2624 652 2664 sed
684 2624 754 2664 hic
786 2635 953 2673 quoque
980 2624 1195 2664 lenissimi
1222 2625 1358 2674 patris
1385 2635 1586 2666 sermone
1612 2627 1761 2667 utitur.

249 2771 302 2822 ΙΙ,
341 2772 377 2822 1,
412 2774 451 2813 5.
518 2773 788 2824 Quamquam
821 2777 888 2815 est
919 2774 1144 2825 scelestUS,
1179 2786 1266 2815 non
1298 2776 1546 2816 committet
1577 2776 1702 2815 hodie

1064 2853 1271 2900 [unquam
1304 2852 1464 2891 iterum
1495 2853 1544 2891 ut
1574 2852 1771 2901 vapulet„

191 2924 407 2965 Iterum
448 2927 507 2965 ut
546 2927 802 2976 vapulet:
851 2928 1104 2977 „minaciter
1146 2930 1273 2976 poeta
1314 2929 1500 2977 priorem
1542 2929 1665 2968 litem
1697 2939 1762 2967 su-
