2002 3464
1002 369 1083 407 184

321 494 369 542 V,
410 494 447 542 7,
486 494 520 531 1.
556 491 828 530 Occidunt
869 502 949 530 me
991 491 1224 539 quidem]
1263 492 1508 540 „quidem
1539 502 1613 540 pro
1646 502 1814 541 exspec-

260 569 422 608 tatione
478 568 585 607 est.”
643 568 776 615 Lege:
838 567 1083 616 „quidem
1139 569 1308 616 propter
1365 567 1661 616 exceptionem
1707 568 1815 607 est.'’

261 644 431 683 Etenim
462 655 542 682 me
584 643 804 692 quidem
836 642 1069 692 significat:
1108 653 1215 692 ‚,me,
1249 654 1333 682 non
1364 643 1512 682 alios.'’

326 721 390 759 10.
452 720 659 769 „Maceria
715 720 868 758 dicitur
923 719 1063 768 paries
1120 729 1232 757 nunc
1278 719 1457 758 alicuius
1504 718 1816 757 demacerata.”

262 796 483 835 Praeclare
523 796 630 834 haec
670 796 730 835 sic
774 796 974 834 emendat
1014 795 1362 834 Westerhovius:
1400 795 1634 844 „maceries
1665 794 1819 835 dicitur

260 872 400 920 paries
432 882 517 910 non
548 871 662 909 altus
693 882 715 910 e
748 871 862 910 calce
893 872 1153 909 macerata.'’

326 948 390 986 16.
425 946 555 985 Iube
582 956 723 985 nunc
750 947 870 992 iam]
914 947 1163 995 „tamquam
1190 947 1379 994 praestet
1401 946 1611 984 Micioni.”
1629 945 1818 999 Absente

262 1023 367 1060 haec
403 1021 580 1060 Micione
613 1021 715 1060 dicit
745 1021 917 1070 Demea,
952 1021 1026 1059 sed
1058 1020 1244 1069 loquitur
1280 1022 1530 1070 „tamquam
1560 1021 1731 1069 praesto
1761 1019 1820 1059 sit

262 1096 428 1147 Micio,”
462 1098 571 1145 quod
604 1097 672 1136 hic
703 1097 944 1145 legendum.

321 1172 380 1211 Ib.
433 1172 588 1221 „Quasi
635 1172 892 1211 insultantes
940 1172 1078 1210 dicere
1120 1172 1309 1223 solemus
1351 1182 1464 1211 nunc
1484 1155 1491 1163 ’
1509 1171 1666 1210 minari
1706 1180 1819 1210 nunc

263 1247 466 1287 assistere
513 1258 641 1296 quem
688 1248 893 1286 afflictum
941 1248 1181 1286 tenemus.'’
1229 1247 1305 1286 Est
1351 1248 1456 1286 haec
1502 1246 1721 1286 annotatio
1767 1247 1819 1286 de

263 1324 506 1372 acerbitate,
551 1333 658 1371 quae
700 1323 841 1362 inesse
882 1323 1019 1362 soleat
1059 1323 1345 1362 coniunctioni
1387 1333 1547 1372 nunc,
1592 1322 1629 1360 si
1660 1322 1817 1370 impe-

263 1400 450 1438 rativo
492 1399 682 1438 addatur.
726 1399 836 1447 Lege
879 1409 976 1446 ergo
1019 1398 1209 1437 iubere
1249 1409 1323 1447 pro
1361 1398 1547 1437 dicere
1580 1398 1622 1436 et
1653 1396 1818 1436 insul-

262 1476 383 1513 tare
414 1484 488 1522 pro
521 1474 813 1512 assistere.
1432 1473 1436 1477 ’

325 1549 391 1587 25.
436 1548 670 1587 Consilium
713 1549 828 1587 dedit
868 1549 1059 1588 lenitatis
1101 1549 1275 1597 plenum
1317 1549 1488 1598 Demea,
1526 1549 1702 1596 ideoque
1732 1548 1818 1587 lau-

265 1625 390 1662 datus
422 1625 509 1673 „sic
536 1624 679 1663 soleo”
709 1625 781 1663 ait.
810 1624 875 1663 Ad
903 1635 1009 1672 quae
1036 1614 1439 1663 verba'annotatur:
1462 1624 1630 1672 „potest
1645 1621 1820 1675 εἰρωνεία

263 1700 409 1749 videri,
453 1700 605 1748 quippe
643 1700 809 1747 quando
841 1700 927 1738 tale
960 1699 1186 1738 consilium
1217 1700 1367 1748 probat
1397 1699 1559 1738 Demea
1589 1700 1700 1748 quod
1729 1710 1818 1749 pro-

262 1774 381 1813 baret
425 1775 714 1814 adolescens.’'
748 1775 882 1823 Lego:
921 1775 1099 1823 „quippe
1131 1775 1297 1822 quando
1330 1775 1416 1813 tale
1448 1774 1674 1814 consilium
1705 1775 1821 1814 dedit

262 1850 423 1889 Demea
455 1861 492 1898 q.
521 1861 560 1899 p.
590 1850 837 1889 adolescens
849 1851 896 1889 ‘?'’
924 1851 1064 1889 Antea
1092 1850 1207 1889 enim
1234 1860 1454 1898 nunquam
1481 1850 1567 1888 tale
1594 1849 1820 1890 consilium

262 1925 377 1963 dedit
408 1925 580 1965 Demea.

321 2074 369 2123 V,
401 2075 439 2122 8,
473 2075 537 2113 11.
570 2075 622 2113 Si
650 2076 668 2113 t
681 2086 707 2114 u
735 2075 814 2113 sis
842 2075 870 2112 h
884 2086 906 2114 o
918 2085 962 2112 m
978 2077 1015 2121 o]
1045 2105 1061 2123 „
1070 2075 1139 2113 1110
1155 2075 1292 2130 facet-e
1310 2076 1352 2113 et
1368 2075 1475 2113 mire
1494 2075 1632 2123 coegit
1647 2075 1818 2114 Aeschi-

262 2160 366 2188 num
410 2150 461 2188 ad
503 2151 857 2198 persuadendum.
902 2151 995 2189 Non
1037 2150 1153 2188 enim
1194 2150 1303 2189 dixit
1344 2160 1365 2188 s
1377 2150 1391 2188 i
1432 2151 1450 2188 t
1462 2160 1489 2188 u
1526 2149 1605 2189 sis
1637 2151 1665 2188 h
1678 2161 1701 2190 o
1713 2161 1758 2189 m
1771 2156 1816 2201 o,

260 2237 285 2274 p
299 2236 321 2263 e
334 2236 354 2263 r
366 2235 386 2263 s
399 2236 426 2263 u
440 2235 464 2263 a
477 2225 502 2263 d
515 2236 536 2264 e
578 2226 652 2264 sed
694 2226 756 2264 sic
791 2226 811 2264 f
819 2236 844 2264 a
857 2236 878 2264 c
890 2225 903 2263 i
916 2236 940 2264 a
951 2226 1011 2264 t.”
1045 2225 1221 2281 Egregie
1252 2225 1577 2264 Westerhovius
1608 2235 1682 2274 pro
1718 2226 1819 2275 „sed

260 2301 322 2340 sic
354 2301 510 2339 faciat”
544 2301 690 2350 reponi
721 2301 847 2339 iussit
877 2301 977 2349 „sed
1004 2301 1093 2339 hic
1118 2300 1138 2339 f
1147 2311 1171 2339 a
1183 2300 1229 2339 ci
1242 2311 1267 2339 a
1277 2301 1337 2339 t.”
1366 2300 1539 2348 Legitur
1566 2300 1682 2339 enim
1709 2301 1818 2350 apud

260 2378 455 2425 poetam:
490 2377 536 2415 si
578 2378 635 2415 tu
677 2377 759 2415 sis
801 2377 959 2415 homo
1001 2376 1090 2415 hic
1130 2376 1319 2415 faciat.

324 2453 389 2491 15.
437 2452 543 2500 Ego
591 2462 767 2490 novus
813 2452 1055 2490 maritus
1102 2461 1240 2490 anno
1283 2451 1496 2489 demum
1539 2451 1734 2499 quinto
1766 2453 1818 2490 et

260 2528 620 2575 sexagesimo
652 2527 787 2565 fiam
822 2529 988 2575 atque
1015 2537 1174 2566 anum
1202 2527 1549 2574 decrepitam
1577 2527 1814 2574 ducam?]

264 2602 359 2651 „hic
405 2603 524 2641 deest
572 2603 616 2641 et
662 2603 786 2650 quis
828 2603 871 2641 et
912 2602 1040 2650 quid
1081 2602 1124 2641 et
1165 2602 1379 2649 quando
1422 2602 1465 2640 et
1506 2602 1816 2649 quomodo.”
1850 2606 1854 2620 ¹

260 2677 374 2715 Nihil
417 2678 547 2727 deest,
593 2678 667 2716 sed
709 2678 752 2716 in
792 2688 878 2716 una
913 2677 1243 2726 interrogatione
1274 2677 1422 2716 insunt
1451 2677 1677 2726 permulta,
1711 2687 1818 2725 quae

261 2752 405 2791 omnia
437 2752 636 2801 deinceps
669 2754 986 2791 enumerantur.
1020 2753 1131 2801 Lege
1163 2763 1261 2800 ergo
1294 2752 1347 2790 in
1360 2763 1381 2791 e
1394 2763 1415 2791 s
1427 2754 1445 2791 t
1475 2762 1549 2801 pro
1582 2753 1606 2790 d
1619 2762 1642 2791 e
1654 2762 1676 2791 e
1688 2762 1709 2790 s
1721 2754 1751 2791 t.

321 2828 389 2866 22.
426 2828 619 2866 Sostrata
651 2828 805 2866 absens
837 2838 972 2876 neque
1006 2827 1200 2866 consulta
1231 2828 1398 2866 Micioni
1431 2838 1538 2866 uxor
1564 2827 1814 2866 obtruditur.

259 2903 398 2951 Rogat
426 2903 686 2942 Scholiasta:
719 2913 818 2952 „cur
845 2903 914 2942 hic
933 2914 1017 2942 non
1035 2902 1215 2941 vertitur
1232 2903 1282 2941 de
1299 2903 1520 2942 voluntate
1539 2902 1756 2942 Sostratae
1767 2902 1814 2940 ‘?'’
