2002 3464
998 416 1080 456 100

315 541 452 581 Pudet
492 552 641 582 senem
682 543 972 582 verecundum
1013 544 1064 582 de
1105 554 1150 583 re
1191 554 1374 584 venerea
1413 544 1539 593 loqui,
1583 543 1658 582 sed
1689 544 1813 583 caute

256 618 549 657 interiectione
576 619 674 657 eho
702 619 754 657 ad
776 619 895 657 illam
917 619 1079 658 alludit.
1103 619 1383 668 Lepidissime
1405 621 1550 658 autem
1574 619 1814 659 Scholiasta

258 695 457 732 annotat:
495 693 620 743 „eho
652 693 890 732 interiectio
921 694 1119 742 ponentis
1147 705 1295 734 aurem
1321 695 1574 744 propiorem.
1602 694 1713 734 Nam
1741 694 1814 734 illa

256 769 434 818 quaerit,
469 779 577 816 quae
609 769 749 808 solent
781 769 831 807 de
862 769 1032 807 maritis
1062 769 1227 817 puellae
1258 770 1469 809 matribus
1501 769 1663 818 queri.'’

315 843 525 892 Responsi
565 845 720 883 recte
760 844 827 882 vis
870 845 1140 893 cognoscitur
1180 855 1235 884 ex
1275 845 1377 884 Hec.
1422 847 1520 884 355.
1563 846 1628 884 Ab
1660 844 1812 884 itinere

255 930 454 958 reversus
490 919 754 969 Pamphilus,
799 930 883 968 qua
924 930 1054 959 causa
1095 921 1148 959 ad
1187 922 1386 969 parentes
1423 920 1575 959 abierit
1607 930 1717 959 uxor
1748 929 1812 959 co-

254 996 402 1044 gnovit
443 996 657 1044 simulque
699 996 914 1035 intellexit
954 996 1036 1034 sibi
1077 996 1165 1035 iam
1205 997 1391 1036 reditum
1428 997 1532 1035 eius*
1553 996 1813 1045 sperandum

254 1082 339 1110 non
371 1081 488 1119 esse3
523 1071 637 1110 dolet
668 1082 766 1119 ergo
797 1071 1159 1120 vehementerque
1183 1056 1315 1122 dolet,
1349 1072 1424 1111 sed
1451 1072 1607 1110 doloris
1635 1081 1811 1110 causam

253 1147 431 1186 reticere
473 1147 674 1185 decernit.
717 1147 867 1194 Itaque
899 1148 1038 1186 matre
1080 1149 1269 1196 rogante,
1303 1147 1402 1195 quid
1438 1147 1577 1186 tristis
1609 1147 1678 1196 sit,
1713 1156 1812 1185 cum

254 1223 402 1261 tamen
428 1222 576 1261 salvus
603 1223 694 1271 ipse
721 1223 889 1262 salvam
915 1233 1097 1261 uxorem
1123 1223 1346 1272 invenerit,
1379 1223 1535 1272 „Recte
1550 1222 1718 1261 mater'’
1737 1221 1810 1261 ait.

253 1297 327 1336 Est
386 1309 485 1346 ergo
536 1299 689 1337 recte
736 1298 828 1337 eius
874 1298 945 1346 qui
990 1299 1243 1347 respondere
1289 1298 1408 1348 nolit,
1457 1298 1532 1337 sed
1577 1308 1662 1346 qua
1706 1307 1812 1336 voce

253 1373 356 1412 illud
422 1374 586 1413 dicatur
652 1374 892 1412 Scholiasta
956 1384 1035 1412 nos
1101 1374 1224 1413 docet
1284 1373 1550 1412 annotando:
1616 1373 1811 1422 „Recte

252 1449 453 1486 mater:
496 1449 558 1487 sic
599 1449 793 1498 dicimus,
838 1459 936 1487 cum
979 1449 1071 1487 sine
1112 1449 1267 1488 iniuria
1308 1448 1611 1497 interrogantis
1652 1448 1811 1496 aliquid

251 1523 525 1563 reticemus.'’

311 1598 489 1638 Differre
536 1600 695 1648 aliquid
742 1600 852 1638 inter
899 1610 945 1638 se
991 1599 1167 1638 fidum
1214 1601 1256 1638 et
1298 1599 1530 1638 fidelem
1572 1598 1811 1639 Scholiasta

253 1675 454 1714 admonet
496 1676 548 1714 ad
584 1676 755 1714 Phorm.
801 1676 868 1724 76,
903 1677 946 1714 et
978 1675 1081 1714 illud
1113 1675 1163 1714 de
1195 1675 1333 1714 amico
1365 1674 1459 1724 dici,
1493 1674 1573 1713 hoc
1604 1674 1655 1713 de
1685 1684 1810 1713 servo

253 1751 419 1796 (addere
475 1752 642 1799 poterat
698 1751 748 1789 de
805 1752 1054 1789 amatore
1102 1752 1229 1798 atque
1276 1749 1450 1789 omnino
1496 1749 1547 1788 de
1593 1759 1643 1788 eo
1690 1749 1811 1788 cuius

251 1825 380 1865 fidem
423 1826 466 1864 in
507 1826 666 1865 leviore
707 1826 877 1874 negotio
915 1826 1131 1874 cognitam
1163 1826 1400 1871 habemus).
1434 1824 1680 1863 Consimilis
1711 1824 1811 1863 huic

253 1903 319 1940 est
361 1902 602 1941 observatio
645 1902 695 1941 de
738 1901 1134 1940 committendi
1174 1901 1316 1950 verbo,
1353 1910 1483 1948 quam
1519 1899 1620 1938 alibi
1652 1899 1808 1938 Scholi—

252 1978 347 2016 asta
392 1978 557 2026 posuit:
590 1978 891 2017 tantummodo
924 1978 974 2017 de
1005 1977 1189 2016 maximi
1220 1976 1431 2015 momenti
1461 1976 1588 2015 rebus
1619 1975 1810 2015 adhiberi

251 2053 355 2092 illud
386 2053 443 2091 ibi
474 2053 670 2101 legimus.

309 2126 391 2170 IV.
422 2128 563 2166 Sicubi
590 2128 700 2176 apud
727 2127 976 2166 Terentium
1004 2127 1174 2175 aliquod
1200 2127 1458 2165 vocabulum
1490 2127 1655 2165 certum
1681 2136 1806 2174 quen-

251 2204 350 2242 dam
384 2203 569 2242 colorem
600 2203 740 2251 habet,
775 2203 847 2250 qui
879 2203 950 2242 ille
977 2203 1035 2241 sit
1061 2213 1191 2250 quam
1218 2201 1541 2241 accuratissime
1570 2201 1809 2240 Scholiasta

250 2280 528 2318 demonstrat.
572 2279 714 2317 Pauca
754 2278 822 2317 hic
865 2278 1063 2326 exempla
1099 2277 1326 2316 sufficiunt.
1360 2277 1462 2315 Hec.
1497 2277 1581 2315 629
1614 2276 1808 2315 Sostrata

249 2355 448 2393 Lachetis
494 2364 614 2404 uxor,
665 2364 794 2401 quam
840 2354 1024 2392 maritus
1071 2353 1285 2392 incusavit
1332 2362 1508 2391 causam
1553 2351 1686 2390 fuisse
1733 2361 1808 2390 cur

249 2429 326 2468 filii
352 2441 462 2468 uxor
488 2430 540 2468 ad
566 2431 765 2478 parentes
792 2439 894 2468 suos
922 2428 1169 2477 confugerit,
1199 2428 1292 2476 ipsa
1319 2428 1444 2466 domo
1472 2426 1587 2466 abire
1605 2426 1804 2476 decrevit,

250 2517 302 2545 ne
335 2506 567 2554 quidquam
598 2506 828 2553 quominus
859 2516 992 2544 nurus
1024 2506 1170 2544 redeat
1202 2505 1354 2543 obstet.
1388 2504 1553 2543 Laudat
1579 2503 1806 2542 consilium

250 2581 341 2619 eius
384 2582 560 2630 Laches,
603 2581 827 2629 laetusque
866 2580 955 2619 adit
986 2580 1270 2628 Chremetem,
1305 2589 1438 2618 nurus
1470 2580 1650 2628 patrem,
1685 2578 1805 2617 cuius

250 2656 505 2695 affinitatem
545 2656 728 2694 maximi
769 2655 884 2694 facit.
919 2655 1053 2704 Quem
1085 2654 1345 2702 simulatque
1378 2652 1584 2702 conspicit
1614 2653 1675 2691 ita
1706 2652 1804 2691 allo—

249 2732 414 2780 quitur:

483 2806 559 2845 Dic
590 2805 703 2844 filiae
734 2816 807 2844 rus
840 2815 1141 2845 concessuram
1172 2805 1271 2844 hinc
1304 2805 1544 2844 Sostratam

484 2882 546 2921 Ne
577 2883 835 2930 revereatur,
869 2881 1014 2922 minus
1046 2880 1134 2919 iam
1166 2891 1247 2928 quo
1279 2882 1425 2920 redeat
1456 2881 1644 2919 domum.

249 2958 505 2996 Rectissime
533 2957 602 2995 hic
635 2957 874 2995 Scholiasta
906 2957 1104 2994 annotat:
1139 2956 1325 3004 „Blande
1352 2966 1436 2994 non
1463 2954 1623 2994 addidit
1648 2955 1798 3003 tuae,
