2002 3464
1028 405 1079 442 12

541 526 652 571 (scis)
685 536 783 565 mea
814 527 992 566 consilia
1021 529 1070 566 ut
1100 529 1177 567 tibi
1210 531 1380 569 credam
1413 531 1558 570 omnia

275 600 536 640 observatio:
570 603 719 650 „urget
746 602 826 641 hoc
851 603 980 655 Thais
1008 605 1116 652 quod
1143 605 1350 644 Phaedria
1375 607 1523 644 utatur
1545 607 1827 648 consultore.”
1882 612 1886 616 ’

274 675 368 714 Huc
410 676 524 714 enim
567 678 609 715 et
649 677 752 716 illud
795 679 1026 729 spectabat,
1071 681 1180 728 quod
1223 691 1285 719 vs.
1324 682 1402 719 101
1447 682 1646 730 rogabat:
1683 683 1829 732 „potin

274 752 340 789 est
380 751 449 790 hic
490 753 674 792 tacere.”
716 753 832 792 Duas
874 755 988 793 enim
1031 766 1100 794 res
1141 756 1271 794 simul
1313 757 1356 795 in
1399 757 1512 796 clara
1548 758 1641 797 luce
1672 769 1827 806 ponere

273 827 417 865 studet
459 824 610 876 Thais,
655 830 698 867 et
739 839 867 876 quam
899 830 1005 869 bene
1037 831 1269 870 Phaedriae
1301 842 1443 871 carere
1474 833 1610 881 possit
1639 833 1826 883 benigni·

271 903 373 952 tate,
418 914 631 952 quamque
661 915 814 953 parum
845 905 889 944 in
919 906 1034 945 illius
1066 906 1280 955 potestate
1312 907 1380 956 sit,
1417 909 1459 946 et
1490 910 1638 948 tamen
1669 919 1770 948 vere
1801 920 1827 949 a

272 988 318 1016 se
348 989 485 1017 unum
516 979 638 1018 illum
671 980 807 1019 amari
837 981 1049 1030 diligique.
1490 963 1500 969 ²

330 1063 393 1092 vs.
431 1054 512 1093 136
549 1055 696 1110 „Miles
722 1056 919 1095 Rhodum
952 1058 1183 1096 deversus’'
1217 1058 1346 1097 Thais
1378 1059 1460 1098 ait:

958 1133 1064 1172 emit
1096 1144 1192 1172 eam
1225 1135 1332 1173 dono
1363 1134 1472 1172 mihi

475 1206 728 1255 Imprudens
765 1208 920 1246 harum
953 1219 1097 1247 rerum
1129 1209 1387 1257 ignarusque
1419 1210 1626 1248 omnium.

269 1280 460 1320 Annotat
502 1282 761 1322 Scholiasta:
809 1284 903 1332 „hic
946 1284 1196 1333 ostenditur,
1240 1288 1369 1332 quam
1411 1281 1562 1324 avidus
1593 1286 1635 1324 id
1665 1286 1826 1325 faceret

269 1357 307 1395 si
338 1368 430 1395 rem
461 1359 632 1406 penitus
664 1360 824 1398 nosset.
861 1360 997 1399 Simul
1030 1361 1162 1399 etiam
1195 1361 1434 1400 ostenditur
1466 1363 1627 1409 quanta
1657 1363 1825 1403 secreta

269 1432 382 1471 dicat
422 1433 667 1484 Phaedriae,
713 1446 819 1483 quae
861 1436 1009 1474 rivalis
1051 1436 1257 1475 nesciat”.
1301 1437 1562 1485 Verissime;
1602 1448 1642 1476 v.
1677 1438 1820 1478 annot.

269 1508 319 1546 de
352 1519 435 1556 qua
466 1510 592 1548 modo
625 1511 871 1558 agebamus.

326 1594 389 1622 vs.
427 1585 532 1623 139:

444 1660 518 1699 Ait
551 1661 704 1707 (miles)
738 1662 775 1699 si
806 1661 935 1700 fidem
967 1663 1123 1702 habeat
1155 1673 1201 1701 se
1233 1663 1284 1702 iri
1316 1664 1608 1712 praepositum
1639 1664 1718 1704 tibi

443 1736 566 1784 Apud
598 1747 681 1786 me,
716 1747 765 1776 ac
796 1748 881 1776 non
914 1738 954 1776 id
985 1740 1166 1788 metuat,
1200 1749 1253 1778 ne
1284 1739 1356 1777 ubi
1388 1740 1637 1789 acceperim,

444 1812 545 1850 Sese
577 1812 829 1862 relinquam,
863 1813 974 1852 velle
1007 1824 1053 1852 se
1085 1814 1206 1853 illam
1237 1814 1345 1853 mihi
1377 1815 1488 1864 dare,

442 1887 603 1925 Verum
636 1887 677 1925 id
709 1888 860 1927 vereri.

265 1962 456 2000 Annotat
498 1962 759 2002 Scholiasta:
807 1964 1010 2013 „Semper
1052 1965 1132 2004 ait
1173 1966 1355 2005 dicimus
1397 1976 1529 2014 quum
1570 1966 1640 2005 vel
1680 1966 1821 2006 invisa

264 2037 385 2075 nobis
418 2038 460 2075 et
492 2038 774 2087 audientibUS,
809 2039 877 2077 vel
904 2050 1016 2078 vana
1043 2041 1156 2079 dicta
1182 2051 1408 2080 narramus
1436 2041 1658 2080 alicuius''.
1687 2041 1820 2090 Saepe

264 2113 374 2160 apud
417 2123 516 2151 eum
557 2114 738 2152 recurrit
778 2114 1012 2153 utilissima
1053 2115 1158 2154 haec
1200 2116 1250 2154 de
1295 2117 1420 2155 verbo
1453 2117 1532 2155 ait
1563 2115 1816 2166 observatio,

265 2198 394 2235 quam
425 2198 574 2226 veram
607 2198 701 2227 esse
733 2199 844 2227 unus
876 2190 945 2228 hic
975 2189 1095 2229 locus
1127 2191 1277 2230 docere
1309 2192 1462 2240 potest.
1493 2192 1676 2240 Operam
1703 2191 1819 2230 enim

264 2262 393 2301 Thais
430 2263 503 2302 dat
528 2264 577 2302 ut
602 2265 910 2312 persuadeatur
936 2266 1182 2315 Phaedriae,
1213 2267 1411 2314 quamvis
1438 2267 1657 2315 egregium
1688 2266 1818 2306 Thais

264 2347 288 2375 a
318 2338 457 2377 milite
490 2340 711 2387 exspectet
744 2340 914 2389 donum,
948 2341 1096 2379 tamen
1128 2351 1174 2379 se
1207 2342 1258 2380 ab
1292 2352 1342 2380 ea
1372 2342 1496 2390 longe
1522 2342 1730 2390 longeque
1755 2341 1818 2380 illi

261 2414 475 2463 praeferri,
510 2414 716 2463 illumque
750 2416 978 2466 contemni,
1013 2427 1059 2455 se
1091 2417 1239 2456 amari.

323 2489 458 2527 Simul
490 2490 595 2528 haec
627 2490 756 2530 Thais
789 2491 980 2530 insinuat
1012 2494 1088 2537 (vs.
1127 2493 1208 2531 142
1242 2495 1342 2540 sq.):

990 2568 1064 2606 sed
1097 2578 1173 2615 ego
1206 2569 1415 2616 quantum
1447 2568 1639 2616 suspicor

674 2641 737 2679 Ad
771 2642 983 2690 virginem
1015 2643 1210 2681 animum
1242 2643 1408 2682 adiecit.

261 2716 326 2754 Ad
353 2717 465 2755 hunc
491 2716 634 2755 locum
661 2717 766 2755 duas
794 2717 1002 2756 habemus
1031 2718 1293 2757 Scholiastae
1321 2719 1631 2768 annotationes,
1655 2719 1813 2758 utram-

259 2801 339 2839 que
381 2792 670 2831 verissimam.
714 2792 862 2832 Altera
905 2794 993 2832 est:
1040 2792 1293 2842 „magnifice
1315 2788 1355 2843 ¹),
1398 2795 1447 2832 ut
1487 2794 1636 2834 rivalis
1667 2794 1812 2834 odium

303 2962 323 2992 ¹)
341 2960 373 2988 M
381 2967 401 2988 a
408 2967 428 2995 g
434 2960 539 2989 nisio
546 2967 563 2989 e
584 2960 638 2989 hic
655 2961 803 2996 positum
824 2962 877 2991 est
894 2970 953 2998 pro
973 2962 1148 2992 usitatiore
1167 2962 1224 2992 illo
1242 2970 1276 2992 m
1283 2962 1295 2991 1
1302 2970 1350 2992 re.
