2002 3464
969 369 1050 407 120

229 501 275 529 se
317 501 369 529 ne
412 491 599 539 cogitare
641 492 813 539 quidem
845 493 937 530 tam
968 491 1150 531 firmiter
1182 493 1369 533 declarat
1400 496 1448 532 ut
1479 493 1585 532 nihil
1617 493 1705 532 iam
1736 493 1787 533 de

229 576 278 604 eo
304 566 564 614 sperandum
590 567 798 605 videatur.
814 567 988 605 .Verum
1015 578 1100 606 non
1127 567 1188 606 ita
1214 578 1283 607 res
1310 579 1356 607 se
1383 569 1522 607 habet.
1553 569 1646 607 Sint
1672 569 1787 609 enim

229 643 428 690 corrupta
484 642 658 691 scholia,
718 643 806 680 sint
851 642 991 681 lacera
1037 643 1286 693 mutilaque,
1335 646 1411 682 vix
1457 646 1606 683 tamen
1650 644 1788 684 ullum

228 727 376 755 eorum
425 717 528 755 adeo
576 717 859 766 depravatum
902 719 968 756 est
1009 718 1111 766 quin
1152 719 1300 758 tamen
1341 720 1557 758 sententia
1597 720 1689 759 eius
1730 720 1789 760 sit

227 792 335 831 satis
381 793 616 842 perspicua,
661 793 964 852 scriptorisque
1007 804 1061 831 ex
1103 804 1151 832 eo
1195 794 1360 834 eluceat
1402 796 1642 835 consilium.
1685 795 1789 834 Mihi

228 869 342 906 certe
373 868 520 906 sedulo
552 868 695 906 labore
722 868 881 907 iterum
907 869 1148 917 iterumque
1176 869 1249 908 illa
1274 870 1542 918 pervolventi
1568 881 1788 919 nunquam

228 943 404 982 dubium
445 943 527 982 fuit
567 944 715 982 utrum
755 944 971 982 scenicam
1012 944 1201 993 legerem
1242 946 1564 984 annotationem
1606 956 1661 984 an
1697 946 1787 986 rhe-

225 1018 419 1067 toricam,
463 1019 808 1068 grammaticam,
842 1019 1206 1068 philosophicam:
1240 1010 1519 1059 scenicarum⁴
1542 1022 1688 1060 autem
1720 1021 1787 1060 ob·
1838 1052 1842 1057 .

226 1094 522 1132 servationum
576 1116 629 1121 —
681 1094 749 1132 his
801 1095 917 1133 enim
958 1076 1214 1143 praesertim
1255 1106 1429 1144 operam
1471 1096 1567 1135 dedi
1606 1120 1657 1124 —
1701 1097 1789 1136 fere

226 1171 391 1209 nullam
422 1171 510 1209 vidi
541 1170 752 1209 eiusmodi
782 1171 888 1210 vitio
919 1171 1187 1210 laborantem
1217 1173 1266 1210 ut
1297 1172 1396 1219 quid
1428 1172 1509 1210 sibi
1539 1172 1670 1211 vellet
1701 1172 1789 1212 iam

226 1257 312 1285 non
338 1246 635 1294 intelligerem.
666 1246 772 1295 Quid
800 1246 909 1294 quod
931 1247 1195 1285 scholiorum
1219 1257 1439 1295 nunquam
1456 1247 1701 1296 praeclarus
1718 1247 1789 1286 ille

228 1322 411 1361 exsistet
458 1322 604 1371 editor,
654 1322 725 1370 qui
772 1323 912 1371 ipsam
958 1323 1080 1361 nobis
1123 1323 1310 1361 auctoris
1351 1330 1530 1362 manum
1573 1323 1786 1362 exhibeat.
1828 1348 1862 1358 ,ψ

227 1397 359 1446 Finge
401 1398 516 1436 enim
556 1420 607 1425 -—
653 1398 851 1446 quamvis
893 1398 1137 1437 incredibile
1178 1399 1236 1437 sit
1271 1421 1322 1426 —
1355 1399 1531 1438 tandem
1563 1398 1789 1446 aliquando

228 1483 277 1512 eo
308 1474 564 1521 perventum
596 1474 644 1512 ut
676 1483 731 1512 ex
762 1473 1094 1522 diligentissima
1126 1473 1320 1512 codicum
1352 1474 1671 1522 comparatione
1698 1474 1788 1522 ipse

228 1548 486 1596 archetypus
528 1548 585 1587 sit
626 1548 866 1598 restitutus,
910 1548 1022 1597 finge
1064 1559 1119 1587 ex
1155 1549 1227 1587 illo
1258 1549 1404 1588 omnia
1435 1549 1638 1598 exempta
1668 1549 1786 1598 vitia,

228 1634 336 1672 quae
369 1623 596 1662 scribentis
628 1624 844 1672 imperitia
876 1624 1154 1674 commiserit,
1183 1624 1308 1672 idque
1336 1624 1578 1663 certissima
1604 1624 1789 1672 quadam

227 1701 268 1739 et
315 1700 576 1748 geometrica
617 1700 804 1738 ratione:
847 1699 1078 1748 pristinum
1120 1700 1373 1738 habebimus
1415 1698 1787 1749 commentarium,

226 1777 369 1825 ipsum
410 1776 626 1815 Donatum
670 1798 722 1803 -—
766 1776 829 1814 sic
862 1776 978 1814 enim
1009 1761 1235 1815 brevitatis
1267 1786 1398 1815 causa
1427 1775 1536 1814 mihi
1567 1775 1790 1815 nominare

228 1852 491 1900 optimorum
532 1851 794 1890 scholiorum
837 1852 1057 1890 auctorem
1088 1851 1216 1890 liceat
1236 1874 1286 1879 —
1306 1862 1391 1890 non
1421 1851 1687 1891 habebimus.
1720 1851 1789 1890 An

227 1927 364 1966 credis
400 1927 523 1965 illum
565 1927 710 1965 virum
740 1937 841 1966 vere
874 1927 1060 1976 doctum,
1095 1927 1350 1976 elegantem,
1384 1927 1490 1966 artis
1521 1927 1715 1966 scenicae
1746 1928 1791 1967 et

225 2003 449 2041 literarum
491 2003 743 2042 Latinarum
785 2003 1128 2052 Graecarumque
1169 2003 1494 2054 peritissimum,
1538 2004 1630 2043 tam
1666 2004 1789 2044 balbo

228 2089 299 2117 ore
325 2079 530 2128 locutum,
560 2079 653 2117 tam
681 2079 841 2127 agresti
868 2089 996 2118 usum
1023 2089 1233 2129 sermone,
1262 2080 1311 2118 ut
1333 2079 1500 2127 quando
1517 2078 1787 2129 indicativus,

228 2154 394 2202 quando
422 2154 720 2193 conjunctivus
748 2155 968 2203 ponendus
996 2155 1112 2193 esset
1137 2165 1274 2202 neque
1291 2154 1420 2193 sciret
1437 2164 1573 2202 neque
1591 2154 1790 2193 curaret?

225 2229 279 2268 Et
306 2230 372 2268 est
398 2230 478 2268 hoc
506 2229 766 2268 scholiorum
794 2230 950 2269 vitium
977 2230 1214 2268 multorum
1236 2229 1384 2268 instar.
1405 2227 1674 2268 confidenter
1690 2239 1789 2278 ergo

227 2305 278 2343 de
309 2305 571 2344 scholiorum
597 2305 730 2344 variis
758 2305 1024 2354 argumentis
1051 2305 1220 2344 locutus
1247 2315 1345 2343 sum
1374 2305 1416 2342 et
1432 2304 1581 2352 loquar
1596 2305 1788 2353 posthac.

226 2380 314 2419 Aut
346 2381 463 2419 enim
494 2390 665 2429 semper
697 2381 748 2419 de
779 2380 864 2419 illis
897 2381 978 2419 erit
1010 2380 1224 2419 silendum
1255 2380 1330 2418 aut
1362 2379 1450 2418 iam
1480 2380 1690 2418 utendum
1721 2379 1787 2428 iis,

226 2466 334 2503 quae
366 2466 479 2494 nunc
510 2456 733 2506 habemus,
767 2456 970 2495 subsidiis
997 2455 1393 2503 instrumentisque.
1422 2455 1532 2494 Nam
1559 2455 1789 2495 desultorio

223 2531 367 2569 labore
395 2531 626 2570 conflatam
652 2532 942 2571 Westerhovii
969 2531 1200 2571 editionem
1228 2530 1431 2579 aliasque,
1461 2541 1483 2569 e
1511 2530 1664 2578 quibus
1680 2530 1789 2570 mihi

225 2607 516 2654 cognoscenda
563 2607 737 2646 fuerunt
783 2607 956 2657 scholia,
1005 2607 1199 2645 lubenter
1241 2606 1446 2653 concedo;
1490 2606 1600 2654 quod
1640 2607 1790 2644 tamen

224 2681 336 2720 inter
367 2681 446 2720 has
478 2682 659 2721 interest
689 2682 879 2731 spatium
906 2683 1033 2730 atque
1061 2681 1292 2720 editionem
1320 2680 1518 2719 omnibus
1546 2681 1789 2720 absolutam

224 2757 417 2796 numeris
435 2780 487 2785 -
509 2759 681 2797 exstare
709 2759 823 2797 enim
851 2759 895 2797 in
921 2759 1093 2806 tempus
1113 2767 1340 2796 sumamus
1360 2779 1410 2785 ——
1430 2756 1580 2795 multis
1596 2756 1788 2804 partibus

226 2833 399 2872 brevius
431 2836 498 2873 est
531 2844 660 2881 quam
692 2834 802 2882 quod
834 2834 945 2872 hanc
977 2833 1028 2871 ab
1062 2833 1154 2880 ipso
1193 2831 1356 2870 dirimit
1386 2831 1564 2870 Donato.

286 2909 367 2950 Sed
398 2919 483 2950 non
514 2919 663 2950 vereor
690 2919 743 2949 ne
770 2909 813 2949 in
839 2909 920 2950 hac
946 2918 1075 2948 causa
1103 2907 1264 2947 multos
1290 2907 1474 2946 habeam
1500 2903 1781 2946 adversarios.
