2002 3464
878 396 959 435 145

67 547 69 551 f
133 524 188 564 de
227 523 403 564 homine
444 522 519 562 sed
554 521 782 568 tamquam
814 520 864 558 de
896 519 1057 568 pecude
1089 518 1217 567 loqui,
1250 527 1360 565 quae
1394 517 1632 557 calcaribus
1663 519 1708 556 et

134 585 386 639 verberibus
426 598 485 636 sit
525 596 807 645 admonenda,
850 594 1190 644 prudentissima
1221 595 1289 632 est
1324 593 1534 643 „Donati”
1567 593 1707 631 obser-

135 675 267 726 vatio,
301 674 377 715 sed
408 673 529 713 illam
561 672 879 712 commentator
904 670 1226 719 philosophicus
1251 670 1346 708 tam
1372 669 1501 718 longa
1526 668 1711 708 involvit

136 751 188 791 de
219 750 420 790 sensibus
451 748 753 798 disputatione,
787 749 837 787 ut
867 747 956 787 fere
986 747 1080 786 tota
1110 746 1258 786 lateat.

200 827 267 867 15.
298 826 485 867 Auditur
515 824 796 875 parturientis
828 823 1015 872 Glycerii
1046 822 1244 863 eiulatio:

373 901 481 941 Iuno
511 900 686 950 Lucina,
720 899 784 939 ser
816 900 963 949 opem!
998 908 1126 938 serva
1156 908 1228 936 me
1260 898 1449 937 obsecro.

136 978 404 1019 Annotatur:
438 986 606 1016 serva
637 986 719 1016 me
751 975 1002 1021 obsecro]
1041 974 1159 1034 „Hoc
1191 975 1317 1013 extra
1341 974 1477 1013 etiam
1504 973 1616 1012 hanc
1642 983 1710 1021 po-

96 1084 99 1090 .
135 1054 361 1094 testatem=
385 1052 539 1092 Iunoni
580 1051 873 1091 attribuitur.”
915 1051 1057 1090 Verba
1098 1061 1229 1089 sensu
1266 1060 1391 1090 cassa
1422 1050 1536 1088 haud
1568 1049 1712 1098 inepte

136 1129 341 1170 emendes
371 1138 448 1178 pro
480 1127 654 1167 etiam
696 1127 837 1166 113110
867 1127 1047 1176 legendo
1080 1127 1342 1166 ceteram.

199 1205 266 1246 18.
299 1204 518 1244 Parturire
545 1213 592 1243 se
618 1202 780 1252 fingere
808 1203 1057 1251 Glycerium
1083 1202 1192 1242 Davi
1218 1202 1388 1241 monitu
1414 1211 1550 1240 senex
1575 1200 1711 1249 susp'i-

136 1282 272 1321 catur.
314 1280 475 1320 Laetus
516 1289 629 1330 ergo,
662 1279 776 1328 quod
808 1279 922 1318 hunc
953 1278 1100 1318 dolum
1133 1278 1177 1318 111
1208 1279 1403 1327 tempore
1436 1277 1712 1326 intellexerit,

140 1346 312 1397 Dav'um
343 1355 526 1395 ludibrio
558 1355 690 1395 habet
722 1356 787 1395 et:

331 1428 333 1430 ’
850 1431 946 1471 Νο11
976 1433 1047 1470 sat
1079 1431 1305 1471 commode

334 1512 339 1516 ”
375 1508 526 1548 Divisa
556 1509 660 1547 sunt
690 1507 957 1557 temporibus
989 1507 1080 1557 tibi,
1113 1506 1244 1556 Dave,
1278 1507 1397 1546 haec.

138 1585 198 1624 At
228 1584 312 1635 ille,
345 1583 423 1624 vix
452 1584 586 1623 verba
617 1583 710 1623 eius
742 1584 921 1623 audiens
952 1583 1163 1622 mihin?
1194 1584 1330 1630 rogat.

199 1661 268 1701 Ad
309 1670 442 1710 quam
473 1670 627 1699 vocem
659 1660 914 1699 annotatur:
952 1659 1131 1708 „Adhuc
1160 1659 1308 1700 Davus
1340 1669 1426 1700 non
1458 1659 1639 1708 percipit
1675 1660 1719 1698 et

139 1737 248 1777 bene
288 1736 413 1786 quasi
453 1736 581 1786 dicat,
626 1747 724 1776 cum
767 1736 838 1775 ille
870 1736 1071 1784 loquatur
1101 1736 1201 1775 illae
1232 1736 1407 1784 agant.’'
1440 1735 1643 1775 Scholion
1674 1736 1719 1774 et

141 1814 391 1862 corruptum
437 1813 481 1851 et
521 1812 740 1851 mutilum.
785 1811 900 1851 Olim
941 1812 1022 1851 hoc
1062 1812 1151 1851 fere
1193 1812 1404 1861 scriptum
1444 1812 1550 1852 fuit:
1590 1812 1717 1862 quasi

141 1888 278 1928 dicat:
314 1898 442 1938 „cum
473 1887 544 1927 ille
575 1888 788 1938 loquatur,
820 1888 896 1928 illa
927 1890 1030 1937 agat
1056 1889 1236 1935 (interea
1261 1890 1415 1937 sponte
1442 1899 1592 1928 meum
1620 1898 1714 1927 con-

141 1964 290 2004 silium
320 1963 596 2014 perfinitum?
631 1964 711 2014 Qui
742 1965 860 2005 6111111
890 1965 943 2005 (16
976 1965 1158 2005 alicuius
1185 1965 1247 2005 rei
1273 1965 1397 2013 exitu
1424 1971 1603 2004 securus
1634 1966 1714 2015 est,

142 2051 243 2081 cum
283 2040 336 2100 ab
378 2040 462 2080 alio
497 2040 809 2091 interpellatur,
844 2042 897 2081 ad
930 2041 1053 2081 illum
1085 2042 1284 2082 animum
1316 2052 1402 2081 non
1434 2041 1623 2081 advertit
1653 2052 1716 2081 se-

142 2126 326 2166 cumque
357 2116 541 2166 cogitat:
573 2117 773 2167 „loquere
798 2118 940 2168 modo,
970 2118 1136 2158 interea
1162 2117 1211 2157 fit
1238 2118 1350 2166 quod
1377 2128 1456 2167 ego
1473 2118 1717 2158 volebam.”

201 2268 278 2319 111,
321 2268 361 2319 2,
403 2269 445 2309 2.
490 2268 622 2318 Signa
661 2279 759 2309 esse
800 2270 854 2309 ad
890 2270 1094 2316 salutem]
1132 2270 1280 2319 „deest
1311 2270 1614 2310 haerentia
1644 2271 1721 2309 aut

142 2343 543 2394 pertinentia.”
575 2344 738 2385 Vocem
769 2345 1072 2386 haerentia
1103 2347 1352 2395 corruptam
1383 2357 1480 2386 esse
1512 2344 1719 2395 suspicor.

207 2420 260 2460 12
292 2430 384 2470 sqq.
417 2420 498 2460 His
527 2420 672 2460 verbis
705 2422 824 2461 Simo
856 2422 901 2462 in
931 2422 1101 2462 Davum
1135 2422 1377 2462 invehitur:

325 2497 358 2536 O
384 2496 515 2548 Dave,
544 2497 636 2537 itan
663 2499 917 2538 contemnor
933 2498 1010 2538 abs
1027 2499 1071 2537 te
1082 2499 1103 2538 ?
1121 2499 1196 2537 aut
1213 2498 1330 2538 itane
1348 2499 1525 2539 tandem
1543 2498 1722 2537 idoneus

323 2572 417 2613 Tibi
443 2573 591 2612 videor
617 2584 726 2624 esse,
755 2585 886 2623 quem
911 2575 1005 2614 tam
1032 2576 1180 2624 aperte
1206 2574 1355 2614 fallere
1383 2574 1564 2624 incipias
1581 2574 1723 2614 dolis?

323 2649 489 2689 Saltem
519 2652 732 2700 accurate,
766 2652 816 2690 ut
846 2650 986 2691 metui
1016 2651 1165 2691 videar
1197 2651 1312 2689 certe
1344 2651 1382 2689 si
1415 2651 1680 2690 resciverim.
1712 2695 1721 2700 p

144 2725 211 2764 Ad
253 2726 309 2764 ut
350 2747 406 2752 -
447 2725 788 2766 resciverim
831 2728 1086 2767 annotatur:
1133 2728 1279 2776 „...et
1314 2728 1462 2766 utrum
1494 2738 1570 2776 pro
1604 2737 1723 2766 cum

145 2800 486 2840 resciverim
524 2811 580 2840 an
605 2802 707 2850 quia
737 2802 923 2841 stultum
956 2813 1028 2841 me
1059 2804 1187 2851 putas
1199 2803 1247 2841 ‘?'’
1281 2802 1441 2841 Scholii
1473 2804 1549 2842 aut
1579 2803 1725 2842 mutili

146 2878 222 2918 aut
252 2877 386 2916 nimis
418 2878 601 2916 coartati
626 2878 733 2917 haec
760 2880 828 2918 est
853 2878 1094 2918 sententia:
1128 2879 1300 2929 „utrum
1328 2878 1420 2917 vim
1437 2879 1750 2928 temporalem·

147 2954 294 3000 (cum)
338 2953 468 2992 habet
510 2952 579 3003 si,
624 2963 679 2993 an
721 2964 772 2993 ea
803 2965 970 3003 quoque
1003 2965 1107 2994 voce
1140 2954 1409 3003 significatur
1439 2965 1725 3005 permagnam

1547 3026 1582 3054 10
