2002 3464
919 354 1001 393 185

3 451 30 513 ‘s
111 527 117 542 .›
172 481 254 521 Pro
296 483 546 522 vertitur
586 483 661 520 aut
698 481 996 520 dubitatur
1028 482 1103 519 aut
1134 479 1363 519 verbum
1395 479 1466 518 fit
1497 479 1740 527 legendum.

233 557 302 596 24.
361 557 496 607 Quid
551 567 694 597 nunc
747 557 886 606 quod
934 557 1165 602 restat?]
1223 555 1389 604 „quod
1436 554 1622 594 restat
1668 565 1743 603 pro

172 643 199 682 q
209 643 238 673 u
249 643 274 673 0
285 633 312 673 d
342 643 364 672 s
377 644 399 673 e
411 644 439 683 q
448 634 502 673 ui
514 634 571 673 tu
582 644 614 682 r,
678 635 904 682 tamquam
936 632 1215 681 reliquiarum
1247 632 1452 681 priorum,
1487 641 1536 670 ac
1563 641 1637 680 per
1663 631 1743 670 hoc

171 708 446 750 minimum.”
497 709 675 758 Egregie
727 709 1056 748 Westerhovius
1108 719 1182 757 pro
1225 719 1245 746 r
1257 718 1279 746 e
1292 708 1305 746 l
1319 708 1332 746 i
1345 719 1370 756 q
1382 719 1410 746 u
1423 708 1436 746 i
1449 707 1474 747 a
1485 718 1505 746 r
1518 718 1545 746 u
1556 718 1601 746 m
1644 718 1669 756 p
1682 718 1702 746 r
1714 707 1741 745 i—

81 826 90 838 ,
170 782 324 824 oram
353 783 458 834 legit
488 785 771 833 reliquiae
804 795 990 824 rerum
1022 785 1398 834 peractarum.

231 861 299 902 26.
331 860 424 901 Hoc
454 871 621 910 quoque
653 861 848 901 scholion
883 860 1051 910 egregie
1083 859 1414 900 Westerhovius
1446 859 1673 899 dividendo
1701 861 1744 899 et

165 936 436 996 ¹emendando
463 937 506 976 in
538 937 757 986 integrum
789 937 993 977 restituit.
1028 937 1134 976 Vide
1166 937 1323 986 ipsum.

225 1079 275 1136 V,
310 1085 350 1136 9,
387 1087 454 1126 17.
488 1086 611 1126 Hanc
643 1097 822 1126 causam
855 1086 981 1125 affert
1015 1085 1161 1135 Syrus,
1191 1086 1318 1125 modo
1346 1086 1398 1125 ob
1426 1084 1583 1124 merita
1610 1095 1743 1125 manu

166 1161 366 1212 emissus,
402 1173 476 1203 cur
509 1164 551 1202 et
583 1173 692 1202 uxor
724 1173 804 1202 sua
835 1162 969 1201 libera
999 1160 1098 1200 fiat:

181 1243 184 1245 “
776 1238 867 1278 Tuo
900 1238 1045 1287 nepoti
1078 1237 1206 1276 huius
1238 1236 1325 1276 filio

264 1336 268 1342 =
343 1313 481 1354 Hodie
513 1315 702 1364 primam
733 1324 979 1353 mammam
1012 1313 1128 1352 dedit
1159 1313 1278 1352 haec.

142 1384 146 1387 ’
187 1443 190 1446 ἢ
225 1390 504 1440 Aequitatem
536 1391 744 1440 postulati
776 1390 973 1440 agnoscit
1003 1389 1167 1429 Demea
1199 1389 1399 1429 dicendo:

876 1466 1033 1506 Hercle
1063 1476 1166 1506 vero
1198 1466 1324 1516 serio,

347 1543 391 1583 Si
423 1543 597 1593 quidem
629 1544 817 1593 primam
851 1543 978 1593 dedit,
1013 1543 1127 1582 haud
1160 1542 1338 1582 dubium
1371 1543 1474 1591 quin
1506 1543 1648 1582 emitti

1414 1622 1615 1668 [aequom
1646 1620 1742 1659 siet.

165 1695 434 1754 Annotatur:
478 1695 655 1735 Hodie
693 1696 931 1745 primam
963 1706 1258 1735 mammam
1290 1696 1446 1735 dedit
1477 1696 1627 1742 haec]
1666 1696 1743 1745 „ri-

165 1770 356 1811 diculum
405 1771 636 1811 meritum:
685 1771 898 1820 siquidem
947 1772 1182 1821 oportuerit
1228 1772 1417 1822 primam
1460 1783 1555 1811 esse
1598 1783 1743 1821 quam-

166 1857 356 1896 cunque:
406 1857 462 1886 an
508 1847 608 1896 quia
659 1858 790 1887 causa
837 1849 904 1887 est
951 1848 1062 1896 quod
1109 1848 1284 1898 ingenui
1326 1849 1526 1888 dicuntur
1567 1849 1679 1888 serio
1721 1860 1746 1888 a

166 1923 407 1963 nutricibus
432 1923 580 1963 liberis
608 1924 875 1963 educandi?''
905 1923 1241 1974 Corruptissima
1267 1925 1374 1964 haec
1401 1926 1530 1974 atque
1553 1926 1743 1965 confusa.

135 1998 315 2045 rUnum
361 1999 443 2039 hoc
484 1999 621 2050 video,
668 2000 740 2049 qui
782 2000 976 2040 scholion
1018 1981 1239 2050 scripserit
1281 2001 1553 2051 ineptissime
1583 2001 1745 2041 serio

96 2096 99 2097 ν
166 2076 343 2126 iungere
376 2086 475 2116 cum
507 2086 801 2116 mammam
829 2077 996 2116 dedit.
1027 2077 1195 2127 Quanto
1221 2079 1471 2127 prudentior
1497 2079 1606 2118 alter
1633 2089 1744 2118 com-

165 2153 398 2202 mentator,
442 2153 515 2201 qui
556 2153 609 2192 ad
645 2153 850 2192 Hercle
882 2163 1013 2193 vero
1046 2154 1197 2193 serio
1231 2154 1479 2194 annotavit:
1517 2155 1746 2204 „adverbia

163 2229 267 2268 sunt
298 2227 641 2268 confirmantia.”

713 2537 751 2576 A
764 2537 799 2575 D
852 2537 893 2576 H
904 2537 936 2576 E
950 2537 980 2578 C
992 2538 1031 2577 Y
1042 2537 1079 2577 R
1091 2538 1129 2577 A
1141 2539 1194 2577 M.

847 2665 1083 2694 PROLoeth.

224 2770 262 2809 2.
317 2769 663 2819 „Calamitas
709 2770 818 2824 παρὰ
858 2771 930 2823 τὴν
974 2773 1156 2825 καλάμην
1198 2775 1365 2825 dicitur,
1411 2775 1602 2815 clades
1644 2777 1744 2825 quia

165 2845 391 2896 clamatur,
435 2847 484 2885 ut
526 2847 640 2887 aliud
678 2848 737 2888 sit
767 2850 990 2898 grandinis
1022 2850 1193 2889 culmen
1225 2851 1477 2901 frangentis,
1513 2852 1627 2890 aliud
1660 2853 1745 2891 doli
1773 2898 1777 2901 ¹

163 2922 312 2962 mali.”
377 2923 601 2963 Praeclare
662 2924 991 2966 Westerhovius
1052 2938 1128 2976 pro
1186 2927 1468 2967 clamatur
1524 2929 1744 2979 rescripsit
