2002 3464
1032 358 1115 396 218

293 478 473 527 fabulae,
515 490 617 518 nam
648 490 732 518 non
763 482 866 520 sunt
896 482 1006 530 apud
1037 483 1359 522 Menandrum.”
1391 484 1444 522 Et
1472 484 1668 533 fortasse,
1701 495 1755 523 ne
1785 484 1848 524 illi

293 553 423 592 nimis
455 554 740 602 inexspectati
771 555 815 594 in
846 566 1022 595 scenam
1053 557 1260 607 venirent,
1295 558 1338 596 in
1369 559 1507 607 priore
1533 561 1653 607 parte
1678 559 1847 600 fabulae

292 628 435 676 posuit
489 630 711 678 quaedam,
760 630 914 678 quibus
963 632 1097 670 animi
1142 634 1433 680 spectatorum
1479 635 1845 682 praepararentur,
1925 636 1929 643 ‘

291 703 349 742 Eo
380 705 573 752 spectare
604 705 774 743 videtur
799 706 992 744 scholion
1018 707 1142 754 quale
1169 708 1234 746 est
1261 708 1341 747 hoc
1367 708 1419 747 ad
1446 708 1477 758 I,
1510 710 1545 758 1,
1576 709 1654 748 37:
1686 708 1846 758 „talem

292 789 386 817 esse
428 779 702 828 Pamphilum
745 781 919 820 adiuvat
956 784 1257 830 argumentum
1290 783 1470 833 fabulae,
1504 785 1636 823 simul
1668 785 1711 824 et
1741 783 1845 824 Cha-

290 854 476 892 rinum.''
518 854 708 903 Denique
749 856 929 906 fabulae,
974 858 1095 896 cuius
1136 858 1250 906 prior
1285 869 1384 907 pars
1415 859 1519 898 adeo
1553 861 1668 898 esset
1699 859 1846 909 ampli-

290 928 428 978 ficata,
463 930 645 969 alteram
678 931 721 969 in
752 931 924 970 brevius
956 933 1102 971 debuit
1133 934 1394 973 contrahere.
1430 935 1524 973 Sch.
1562 935 1614 973 ad
1646 935 1695 984 V,
1726 935 1766 984 2,
1795 935 1845 974 8:

294 1006 413 1054 „vult
454 1006 569 1044 enim
611 1007 699 1045 iam
740 1008 866 1055 poeta
908 1008 1210 1057 catastrophen
1250 1008 1483 1058 patefieri.'’
1521 1009 1644 1050 Certe
1676 1010 1721 1049 in
1750 1010 1846 1050 ulti-

290 1080 374 1118 mis
420 1081 595 1119 scholiis
640 1081 833 1120 Donatus
878 1083 1122 1131 frequenter
1167 1085 1235 1123 his
1282 1085 1445 1124 verbis:
1493 1087 1615 1135 „post
1652 1095 1846 1134 compen-

290 1155 436 1193 dium’'
494 1156 641 1195 utitur.
699 1157 819 1195 Idem
876 1158 920 1195 in
975 1144 1178 1197 Eunucho
1223 1159 1387 1198 factum
1433 1162 1511 1210 est,
1559 1170 1600 1199 v.
1647 1170 1741 1209 pag.
1791 1159 1847 1202 ‘24

288 1231 416 1269 huius
446 1231 556 1270 libri.

350 1307 445 1346 Sch.
480 1307 532 1345 ad
562 1307 610 1356 V,
646 1309 685 1357 6,
718 1309 793 1347 13:
826 1309 951 1357 „quia
977 1309 1179 1348 audacter
1205 1310 1248 1348 et
1275 1308 1502 1348 artificiose
1528 1309 1652 1348 binos
1678 1319 1849 1349 amores

290 1384 471 1422 duorum
512 1383 849 1422 adolescentium
892 1385 935 1422 et
965 1384 1088 1423 binas
1119 1385 1292 1433 nuptias
1323 1385 1367 1423 in
1397 1395 1484 1423 una
1513 1385 1659 1424 fabula
1688 1385 1846 1425 machi-

289 1460 417 1497 natus
464 1460 542 1508 est,
591 1460 635 1497 et
676 1460 716 1497 id
759 1461 883 1498 extra
923 1461 1235 1508 praescriptum
1266 1461 1496 1509 Menandri,
1531 1460 1652 1499 cuius
1684 1470 1845 1500 comoe-

290 1535 405 1573 diam
446 1535 743 1591 transferebat,
788 1535 943 1573 idcirco
985 1535 1099 1573 aliud
1141 1535 1184 1573 in
1220 1535 1453 1584 proscenio,
1488 1535 1602 1574 aliud
1632 1536 1846 1584 postsec-

290 1621 392 1649 nam
423 1610 582 1659 retulit,
616 1620 670 1648 ne
701 1610 770 1648 vel
802 1610 915 1648 iusto
947 1611 1113 1658 longior
1142 1609 1276 1660 fieret,
1305 1611 1374 1649 vel
1401 1611 1445 1649 in
1472 1611 1652 1650 eandem
1678 1611 1848 1660 propter

289 1696 433 1725 rerum
466 1685 796 1724 similitudinem
829 1687 1122 1734 cogerentur.”

349 1762 507 1800 Levius
550 1762 616 1800 est
656 1761 834 1799 tertium
866 1761 968 1800 hoc:
1002 1761 1135 1810 Mysis
1168 1762 1390 1810 egrediens
1422 1762 1553 1800 simul
1585 1762 1848 1810 spectatores

290 1837 493 1876 certiores
534 1837 673 1875 reddit
714 1837 764 1875 de
805 1847 850 1875 re
887 1815 1094 1885 quae'est
1125 1838 1169 1876 in
1200 1838 1401 1876 manibus
1434 1839 1477 1876 et
1506 1837 1848 1876 facetiarum

290 1912 509 1960 aliquid
540 1911 697 1950 addit
729 1911 794 1957 (de
825 1912 978 1950 Lesbia
1009 1912 1250 1962 obstetrice,
1286 1923 1416 1960 quam
1448 1912 1541 1952 ideo
1567 1911 1769 1960 Archylis
1795 1911 1848 1950 ad

288 1988 600 2036 parturientem
633 1986 879 2034 Glycerium
911 1988 1113 2036 arcessat,
1147 1988 1258 2035 quod
1290 1987 1425 2036 ipsius
1456 1987 1515 2026 sit
1546 1986 1846 2036 compotatriX.

288 2074 329 2102 v.
364 2063 531 2109 Schol.).

349 2214 660 2253 Eunuchus.
709 2214 759 2252 In
805 2214 1025 2252 Menandri
1070 2213 1324 2252 Eunuchum
1367 2223 1421 2251 ex
1463 2213 1655 2251 eiusdem
1698 2212 1848 2253 Colace

290 2290 490 2328 translati
536 2291 638 2328 sunt
683 2290 809 2328 miles
846 2290 889 2327 et
920 2289 1157 2337 parasitus;
1191 2288 1236 2326 in
1267 2288 1418 2326 eadem
1449 2287 1594 2326 fabula
1624 2288 1735 2336 apud
1766 2289 1846 2327 Me-

289 2366 501 2404 nandrum
539 2364 728 2404 Chaerea
769 2364 1113 2403 adolescentulus
1145 2374 1167 2402 e
1200 2363 1374 2401 Thaidis
1406 2363 1581 2401 aedibus
1613 2363 1845 2412 egrediens,

289 2440 360 2479 ubi
401 2442 502 2478 voto
539 2450 616 2478 suo
649 2441 716 2478 est
746 2440 920 2488 potitus,
956 2439 1005 2477 de
1037 2438 1241 2477 felicitate
1273 2448 1352 2476 sua
1383 2438 1500 2476 solus
1532 2438 1757 2477 declamat.
1793 2438 1848 2477 At

290 2515 514 2553 Terentius
556 2524 715 2552 novam
756 2523 984 2562 personam
1026 2513 1316 2561 Antiphonem
1348 2513 1524 2562 invenit,
1559 2512 1628 2551 cui
1659 2510 1848 2551 Chaerea

289 2600 382 2629 rem
423 2589 474 2628 ab
517 2589 639 2628 initio
681 2589 733 2627 ad
778 2587 909 2626 finem
949 2588 1106 2626 vividis
1148 2587 1394 2635 depingeret
1425 2587 1648 2626 coloribus.
1683 2587 1845 2626 Schol.:

293 2666 425 2715 „bene
471 2666 647 2703 inventa
691 2674 873 2713 persona
915 2665 981 2702 est
1023 2664 1090 2702 cui
1130 2664 1275 2702 narret
1313 2663 1512 2712 Chaerea,
1547 2673 1601 2702 ne
1631 2673 1743 2702 unus
1774 2662 1847 2702 diu

288 2742 487 2790 loquatur
528 2741 577 2779 ut
618 2741 729 2789 apud
770 2739 1091 2778 Menandrum.'’
1134 2739 1227 2777 Non
1269 2740 1361 2777 tam
1402 2739 1511 2777 levis
1542 2739 1648 2777 haec
1678 2748 1748 2777 res
1778 2738 1845 2777 est

289 2827 420 2865 quam
450 2817 632 2855 videtur.
666 2815 916 2855 Conferatur
948 2815 1063 2853 enim
1096 2814 1283 2852 Simonis
1314 2815 1358 2852 in
1383 2814 1546 2853 Andria
1571 2813 1842 2861 soliloquium

291 2904 315 2931 a
362 2892 558 2930 Terentio
605 2891 649 2929 in
691 2891 949 2939 colloquium
991 2899 1258 2939 conversum,
1301 2890 1351 2928 ut
1390 2889 1593 2938 appareat
1632 2887 1843 2937 peculiare

1843 3052 1881 3068 ,γ
