2002 3464
1013 402 1095 442 130

267 526 494 566 consilium
540 528 588 565 ut
634 527 832 566 idoneam
873 526 1146 566 nanciscatur
1187 537 1362 567 causam
1404 529 1684 568 succensendi
1723 528 1824 570 filio.

326 604 394 641 61.
444 603 609 641 Laudat
654 603 768 641 hunc
800 603 950 640 ‘locum
993 602 1232 642 Scholiasta
1271 604 1491 653 lepideque
1533 605 1825 645 adolescentes

266 677 361 716 illos
405 679 455 716 de
497 677 720 726 Pamphilo
763 678 823 716 nil
854 688 1010 726 negare
1042 678 1116 716 sed
1148 680 1291 727 aperte
1323 680 1525 728 quidquid
1556 681 1728 728 gestum
1759 681 1826 719 est

265 753 491 805 denarrare
519 753 730 792 observat.
761 753 981 800 Sequitur:
1015 754 1084 802 „et
1109 753 1280 800 quidem
1307 755 1487 793 tacitum
1516 756 1593 804 est,
1617 766 1702 794 non
1719 755 1824 795 cela-

264 829 371 878 tum,
416 829 490 867 sed
532 829 580 867 ut
621 838 706 866 non
737 828 901 866 facturn
934 838 1029 866 esse
1061 828 1122 867 ita
1152 829 1390 868 videatur.'’
1422 830 1503 868 Hic
1534 830 1723 879 primum
1755 830 1823 870 ad-

264 914 493 942 monemur
534 904 634 951 quid
675 903 846 942 intersit
887 903 998 942 inter
1035 904 1220 942 celare
1264 906 1307 943 et
1337 906 1527 944 tacere
1561 906 1825 951 (celamus

264 980 379 1018 enim
422 990 471 1018 ea
513 990 621 1028 quae
662 990 875 1029 rogamur,
920 981 1173 1019 tacemus
1215 991 1322 1028 quae
1364 991 1449 1020 non
1480 984 1708 1039 rogamur).
1742 982 1824 1021 Sed

262 1055 417 1093 ultima
457 1055 552 1093 illa:
591 1055 685 1093 sed
717 1056 775 1093 ut
806 1065 910 1094 non
941 1055 1153 1094 factum
1186 1066 1310 1097 csse
1341 1057 1422 1096 ita
1453 1057 1718 1096 videatur
1747 1057 1824 1097 vix

262 1131 467 1180 intelligo.
512 1131 711 1180 Suspicor
751 1142 902 1170 vocem
944 1132 1024 1170 ita
1065 1142 1150 1171 non
1190 1134 1288 1180 post
1330 1143 1454 1172 esse
1495 1134 1570 1172 sed
1601 1136 1699 1182 post
1729 1133 1823 1172 sed

261 1207 515 1256 ponendam,
558 1208 607 1245 ut
648 1207 754 1246 haec
794 1207 852 1245 sit
893 1207 1129 1246 sententia:
1178 1209 1364 1256 „(tacent
1405 1208 1466 1247 illi
1499 1209 1820 1259 adolescentes),

261 1283 335 1320 sed
377 1283 438 1321 ita
480 1284 650 1332 (tacent,
695 1284 822 1330 atque
863 1282 943 1321 hoc
985 1292 1134 1321 eorum
1175 1293 1380 1331 responsa
1421 1284 1621 1330 efficiunt)
1659 1286 1707 1322 ut
1737 1294 1823 1323 non

261 1358 425 1396 factum
458 1368 553 1396 esse
586 1358 653 1408 (id,
688 1358 797 1406 quod
829 1368 963 1396 senex
995 1358 1099 1396 adeo
1131 1359 1300 1405 metuit)
1333 1352 1570 1398 videatur.'‘

322 1435 391 1472 63.
751 1432 1073 1481 Comperiebam
1105 1434 1163 1471 nil
1197 1434 1249 1472 ad
1281 1434 1554 1483 Pamphilum

558 1509 796 1559 Quidquam
829 1510 1025 1548 attinere.

322 1585 756 1634 Comperiebam]
805 1585 936 1634 „Vide
978 1586 1015 1623 si
1057 1595 1142 1623 non
1183 1586 1313 1624 verba
1353 1586 1487 1634 patris
1529 1587 1642 1636 sunt,
1685 1587 1729 1626 et
1769 1587 1820 1626 de

261 1661 386 1700 rebus
427 1661 631 1699 Venereis
674 1661 785 1699 circa
825 1660 901 1698 filii
943 1660 1208 1699 mentionem
1251 1661 1460 1708 agentis.’'
1503 1661 1611 1700 Atra
1641 1661 1820 1710 caligine

260 1737 504 1775 obscuriora
529 1736 647 1774 haec,
671 1736 751 1774 Pro
770 1736 882 1774 circ
895 1746 919 1774 a
936 1736 1133 1783 equidem
1151 1746 1335 1784 propono
1354 1736 1522 1774 citra:
1545 1736 1719 1785 „Nonne
1738 1737 1820 1776 hoc

258 1811 425 1859 paterni
457 1812 523 1849 est
555 1811 700 1860 animi,
734 1811 805 1849 ubi
838 1811 888 1849 de
915 1811 1041 1850 rebus
1070 1811 1262 1850 venereis
1290 1812 1453 1860 agatur,
1483 1822 1568 1850 non
1594 1822 1643 1851 eo
1669 1812 1820 1852 adduci

258 1888 307 1925 ut
338 1887 471 1925 etiam
502 1886 578 1925 filii
609 1887 875 1925 mentionem
907 1886 1041 1925 facias
1053 1887 1101 1925 ?'’

319 1964 386 2002 72.
430 1963 541 2001 Hac
582 1963 742 2008 fama]
790 1963 883 2012 „An
924 1973 1024 2001 vere
1065 1962 1265 2001 laudatus
1301 1963 1370 2012 sit,
1405 1963 1574 2012 singula
1605 1964 1712 2002 haec
1742 1950 1817 2012 p‘ro

259 2039 525 2087 argumentis
567 2040 710 2078 sunt.’'
755 2039 964 2087 Quoniam
1005 2039 1219 2086 sequitur:
1262 2040 1331 2087 „et
1363 2039 1585 2078 excusatio
1617 2030 1698 2089 est,
1731 2049 1816 2078 non

259 2125 353 2154 esse
380 2115 566 2153 stultitia
591 2115 751 2153 falsum
768 2115 842 2152 sed
860 2114 1139 2163 impulsum,'’
1157 2115 1372 2152 sententia
1388 2115 1494 2153 haec
1511 2125 1605 2153 esse
1621 2114 1814 2154 videtur:

262 2191 514 2239 „honestam
541 2190 661 2228 illam
688 2190 738 2228 de
765 2190 988 2238 Pamphilo
1015 2190 1178 2228 famam
1205 2199 1287 2228 non
1309 2189 1433 2237 plane
1452 2190 1503 2228 de
1519 2190 1652 2228 nihilo
1669 2188 1816 2228 fictam

256 2266 402 2315 fuisse,
451 2266 721 2314 aliquatenus
768 2276 822 2303 ex
868 2266 932 2315 iis,
982 2275 1089 2313 quae
1135 2275 1264 2313 supra
1310 2275 1335 2303 a
1380 2266 1500 2312 patre
1547 2264 1661 2303 dicta
1700 2266 1814 2315 sunt,

258 2341 365 2379 effici
396 2342 580 2389 potest.''

318 2418 385 2456 79.
429 2417 636 2462 Beasti]
681 2417 897 2455 Laudatur
928 2416 998 2454 hic
1028 2417 1154 2465 poeta
1185 2415 1257 2463 qui
1289 2415 1477 2454 hominis
1508 2415 1668 2454 mortui
1697 2426 1813 2455 men-

256 2493 372 2531 tione
403 2493 517 2531 facta
549 2493 700 2531 statim
732 2493 896 2531 laetum
928 2491 1198 2530 subiunxerit
1228 2491 1485 2529 vocabulum
1520 2501 1599 2540 „ne
1626 2500 1744 2529 mors
1770 2491 1814 2530 in

257 2568 486 2617 comoedia,
520 2568 661 2606 luctus
693 2568 736 2606 in
768 2567 987 2616 tragoedia
1017 2566 1307 2615 personaret.''
1340 2566 1452 2604 Ante
1484 2566 1673 2605 luctus
1704 2565 1811 2605 inse-

255 2644 435 2681 rendum
454 2645 533 2681 ut:
558 2643 602 2681 in
618 2643 837 2691 tragoedia
852 2643 994 2681 luctus
1012 2643 1078 2680 est
1093 2642 1335 2691 perpetuus,
1355 2641 1398 2679 in
1416 2641 1635 2680 comoedia
1649 2642 1810 2690 specta-

254 2719 397 2756 torum
415 2719 549 2757 animi
566 2729 694 2766 quam
712 2719 902 2766 primum
919 2729 944 2757 a
959 2718 1020 2757 rei
1031 2718 1169 2756 tristis
1183 2717 1438 2765 cogitatione
1450 2718 1552 2756 sunt
1564 2717 1809 2757 abducendi.

314 2794 381 2832 92.
430 2794 493 2832 Et
533 2794 716 2843 vultu,
762 2791 1119 2843 sosia,‘adeo
1160 2793 1428 2838 modesto]
1475 2792 1608 2842 „Quia
1647 2792 1811 2832 formae

253 2869 441 2907 laudatio
469 2879 567 2908 cum
594 2870 819 2908 meretrice
847 2870 1081 2918 commissa
1107 2869 1185 2917 est,
1214 2869 1481 2916 progreditur
1508 2868 1664 2907 artifex
1683 2869 1810 2916 poeta

253 2945 305 2983 ad
337 2946 548 2984 laudanda
579 2956 628 2984 ea
660 2956 768 2994 quae
795 2946 1041 2984 honestiora
1067 2946 1168 2983 sunt
1195 2955 1323 2992 quam
1350 2945 1530 2983 forma.’'
1549 2944 1808 2993 Quantocius
