2002 3464
1018 369 1073 408 84

268 493 358 540 ipse
405 492 515 539 quod
557 492 629 530 det
668 492 822 541 lenoni,
867 494 988 532 cuius
1020 504 1070 533 ea
1101 496 1178 544 est,
1213 505 1298 534 non
1329 496 1479 544 habet3
1513 498 1641 545 atque
1673 497 1744 536 ille
1775 507 1822 537 se

267 567 542 605 venditurum
589 577 686 606 eam
733 569 859 616 atque
901 569 945 607 in
986 569 1136 608 Asiam
1178 571 1414 610 missurum
1456 572 1695 611 minitatur.
1728 572 1822 612 Non

268 643 396 681 audet
421 642 554 680 miser
581 642 924 682 adolescentulus
950 654 1043 682 rem
1073 644 1195 684 fratri
1222 646 1523 685 amantissimo
1551 647 1823 686 committere

265 718 335 756 vel
364 718 476 766 patri
507 718 718 767 adoptivo,
753 719 1091 760 clementissimo
1122 722 1227 771 seni,
1260 722 1397 771 fateri,
1426 733 1563 771 neque
1590 723 1822 771 quidquam

267 791 490 841 superesse
534 793 649 832 videt
689 804 820 842 quam
860 796 909 834 ut
948 796 1133 844 patriam
1170 797 1340 836 deserat
1369 797 1573 846 illamque
1604 799 1821 846 sequatur.

266 868 554 916 Reprehendit
585 879 685 908 eum
716 870 828 909 hanc
858 870 910 910 ob
937 881 1114 910 causam
1139 872 1282 923 frater,
1310 873 1487 912 tandem
1514 873 1565 912 de
1592 874 1684 912 eius
1710 874 1821 914 solli-

268 944 454 983 citudine
487 945 641 984 certior
671 945 824 997 factus,
858 946 926 985 his
957 947 1123 986 verbis:
1532 1000 1541 1006 q

473 1021 542 1059 Ah
573 1021 803 1061 stultitiast
833 1024 979 1072 istaec,
1014 1033 1098 1062 non
1129 1024 1284 1072 pudor:
1318 1026 1410 1063 tam
1443 1025 1495 1064 ob
1526 1026 1748 1074 parvolam

325 1095 434 1134 Rem
465 1106 599 1144 paene
632 1107 654 1135 e
685 1098 844 1146 patria!

266 1171 458 1210 Annotat
514 1172 774 1212 Scholiasta:
826 1173 1080 1223 „Menander
1126 1176 1235 1215 mori
1282 1175 1404 1214 illum
1451 1177 1639 1215 voluisse
1684 1176 1819 1227 fingit,

266 1247 491 1286 Terentius
536 1249 726 1298 fugere.”
773 1251 867 1289 Non
913 1253 990 1301 est,
1040 1253 1088 1290 ut
1129 1252 1288 1301 opinor,
1332 1262 1437 1301 opus
1468 1253 1619 1291 multis
1650 1253 1820 1292 demon-

265 1324 403 1361 strare
433 1323 575 1362 verbis
606 1327 766 1372 quanto
798 1327 957 1365 rectius
988 1326 1212 1366 Terentius
1243 1338 1373 1376 quam
1405 1319 1633 1367 Menander
1658 1328 1819 1367 fecerit.

265 1397 437 1436 Leniter
477 1400 613 1438 ridere
653 1411 885 1449 possumus
917 1403 1233 1442 adolescentem
1265 1414 1398 1451 usque
1430 1414 1596 1452 quaque
1627 1405 1821 1443 amatam

260 1473 448 1520 puellam
489 1476 761 1524 secuturum;
807 1477 882 1516 sed
923 1478 995 1525 qui
1036 1479 1222 1517 mortem
1263 1478 1345 1517 sibi
1384 1479 1648 1518 consciscere
1680 1479 1818 1518 decre-

263 1547 385 1597 verit,
434 1548 569 1588 immo
609 1561 744 1598 paene
786 1551 874 1590 iam
917 1553 1183 1602 consciverit,
1226 1554 1427 1601 quamvis
1468 1553 1610 1592 levem
1641 1554 1693 1592 ob
1725 1564 1818 1593 cau-

263 1631 371 1672 sam,
404 1623 519 1662 illius
551 1625 723 1664 tristem
755 1626 963 1666 deflemus
995 1629 1170 1667 sortem.

323 1697 458 1747 Quam
491 1701 658 1748 egregie
691 1702 930 1740 Scholiasta
962 1702 1200 1741 observarit
1230 1713 1367 1751 neque
1398 1703 1584 1742 militem
1610 1705 1655 1743 in
1681 1704 1818 1744 Eunu-

262 1772 341 1811 cho
367 1784 504 1822 neque
531 1775 575 1813 in
596 1776 802 1824 Adelphis
828 1777 1037 1816 Demeam
1064 1779 1288 1826 tamquam
1314 1779 1440 1826 plane
1466 1779 1623 1818 stultos
1650 1780 1820 1828 depingi

262 1848 350 1887 iam
376 1850 565 1889 vidimus
593 1854 644 1900 (p.
674 1853 757 1902 35),
787 1853 1001 1901 simulque
1029 1854 1269 1893 Scholiasta
1294 1855 1502 1903 magistro
1524 1855 1819 1894 intelleximus

262 1934 336 1962 cur
366 1925 428 1963 illi
458 1927 721 1977 prudentiae,
755 1928 854 1967 huic
885 1929 1097 1968 acuminis
1129 1929 1443 1978 aliquantulum
1475 1929 1638 1969 dederit
1668 1929 1818 1969 Teren-

261 1999 360 2038 tius.
409 2000 529 2039 Idem
562 2004 629 2041 est
660 2004 951 2042 annotationis
984 2005 1036 2043 ad
1066 2005 1145 2044 Ad.
1181 2006 1263 2044 541
1299 2005 1539 2044 consilium.
1570 2005 1692 2044 Ficta
1723 2005 1819 2054 Syri

261 2075 375 2113 servi
407 2078 650 2116 narratione
682 2080 828 2117 motus
859 2079 1020 2118 Demea
1051 2090 1186 2119 senex
1217 2081 1269 2119 ad
1303 2080 1451 2119 villam
1482 2091 1608 2119 suam
1635 2081 1702 2119 est
1727 2090 1817 2129 pro-

261 2150 411 2200 fectus,
446 2152 533 2191 illic
563 2152 701 2192 filium
733 2164 861 2192 suum
894 2165 989 2193 esse
1017 2155 1204 2204 credens,
1234 2155 1364 2194 simul
1391 2156 1435 2194 in
1461 2156 1614 2194 itinere
1639 2154 1817 2194 fratrem

261 2227 547 2273 quaesiturus.
580 2229 638 2267 At
669 2239 774 2267 mox
805 2229 915 2268 redit
946 2230 1218 2268 exclamans:

379 2302 441 2340 Ne
483 2312 559 2351 ego
600 2304 729 2343 homo
767 2304 938 2342 infelix:
970 2305 1159 2353 primum
1190 2304 1369 2344 fratrem
1401 2315 1615 2353 nusquam
1646 2305 1817 2344 invenio

1524 2380 1756 2429 [gentiumz

380 2452 606 2492 Praeterea
638 2455 796 2505 autem,
826 2455 929 2494 dum
955 2456 1078 2494 illum
1105 2465 1274 2504 quaero,
1303 2465 1328 2493 a
1355 2455 1457 2493 villa
1472 2455 1816 2494 mercennarium

380 2527 498 2566 Vidi:
532 2529 569 2567 is
600 2528 737 2567 filium
769 2531 898 2578 negat
928 2540 1023 2569 esse
1053 2530 1162 2569 ruri:
1196 2541 1274 2568 nec
1305 2530 1405 2578 quid
1437 2540 1563 2578 agam
1595 2531 1696 2577 scio.

319 2602 560 2651 Adscripsit
591 2605 738 2643 autem
771 2605 1009 2644 Scholiasta
1039 2606 1166 2644 haec:
1199 2605 1550 2654 „Sapientissime
1577 2605 1812 2654 Terentius,

261 2678 342 2716 etsi
388 2679 586 2726 proxima
631 2680 735 2718 villa
781 2682 859 2730 est,
908 2681 1149 2720 necessario
1190 2690 1339 2719 senem
1381 2681 1433 2720 ad
1475 2682 1660 2730 reliquos
1692 2683 1814 2720 actus

260 2753 429 2792 fabulae
461 2754 599 2792 noluit
630 2754 681 2792 ab
713 2755 816 2794 urbe
843 2756 1070 2805 discedere,
1098 2765 1305 2804 personae
1332 2756 1480 2794 senilis
1505 2767 1685 2796 memor.
1702 2757 1813 2796 Nam

260 2829 303 2866 et
349 2829 531 2867 arduum
571 2829 722 2879 fuerat,
767 2831 869 2869 dum
911 2831 1031 2880 redit,
1065 2832 1109 2869 et
1140 2831 1377 2880 cruciabile,
1411 2841 1465 2870 ne
1494 2831 1690 2880 fatigatio
1721 2832 1813 2870 eius

260 2903 303 2940 in
329 2904 594 2951 tragoediam
621 2905 837 2944 transiret.
866 2906 997 2945 Recte
1023 2906 1153 2954 igitur
1179 2906 1344 2944 invenit
1370 2916 1395 2944 a
1411 2906 1674 2944 mercenario
1690 2907 1751 2945 illi
1768 2907 1811 2946 in
