<?xml version="1.0" encoding="UTF-8"?>
<!DOCTYPE html PUBLIC "-//W3C//DTD XHTML 1.0 Transitional//EN"
    "http://www.w3.org/TR/xhtml1/DTD/xhtml1-transitional.dtd">
<html xmlns="http://www.w3.org/1999/xhtml" xml:lang="en" lang="en">
 <head>
  <title>
</title>
<meta http-equiv="Content-Type" content="text/html;charset=utf-8" />
  <meta name='ocr-system' content='tesseract 3.04.00' />
  <meta name='ocr-capabilities' content='ocr_page ocr_carea ocr_par ocr_line ocrx_word'/>
</head>
<body>
  <div class='ocr_page' id='page_1' title='image "./deterentioetdona00hartuoft_0100.png"; bbox 0 0 2002 3464; ppageno 0'>
   <div class='ocr_carea' id='block_1_1' title="bbox 1007 389 1061 427">
    <p class='ocr_par' dir='ltr' id='par_1_1' title="bbox 1007 389 1061 427">
     <span class='ocr_line' id='line_1_1' title="bbox 1007 389 1061 427; baseline 0 0"><span class='ocrx_word' id='word_1_1' title='bbox 1007 389 1061 427; x_wconf 87' lang='lat'>88</span> 
     </span>
    </p>
   </div>
   <div class='ocr_carea' id='block_1_2' title="bbox 251 511 1850 2975">
    <p class='ocr_par' dir='ltr' id='par_1_2' title="bbox 255 511 1850 928">
     <span class='ocr_line' id='line_1_2' title="bbox 255 511 1810 562; baseline 0.003 -13"><span class='ocrx_word' id='word_1_2' title='bbox 255 511 533 550; x_wconf 80' lang='lat' dir='ltr'>Menandrum</span> <span class='ocrx_word' id='word_1_3' title='bbox 574 513 679 552; x_wconf 89' lang='lat' dir='ltr'>haec</span> <span class='ocrx_word' id='word_1_4' title='bbox 715 524 800 552; x_wconf 90' lang='lat' dir='ltr'>non</span> <span class='ocrx_word' id='word_1_5' title='bbox 832 514 960 552; x_wconf 89' lang='lat' dir='ltr'>sunt’&#39;</span> <span class='ocrx_word' id='word_1_6' title='bbox 992 514 1062 552; x_wconf 89' lang='lat' dir='ltr'>vel</span> <span class='ocrx_word' id='word_1_7' title='bbox 1097 514 1277 562; x_wconf 88' lang='lat' dir='ltr'>„melius</span> <span class='ocrx_word' id='word_1_8' title='bbox 1308 514 1534 553; x_wconf 81' lang='lat' dir='ltr'>Terentius</span> <span class='ocrx_word' id='word_1_9' title='bbox 1566 524 1697 562; x_wconf 89' lang='lat' dir='ltr'>quam</span> <span class='ocrx_word' id='word_1_10' title='bbox 1730 514 1810 553; x_wconf 89' lang='lat' dir='ltr'>Me-</span> 
     </span>
     <span class='ocr_line' id='line_1_3' title="bbox 256 587 1813 638; baseline 0.002 -13"><span class='ocrx_word' id='word_1_11' title='bbox 256 587 458 636; x_wconf 88' lang='lat' dir='ltr'>nander,&#39;&#39;</span> <span class='ocrx_word' id='word_1_12' title='bbox 492 588 663 635; x_wconf 89' lang='lat' dir='ltr'>saepius</span> <span class='ocrx_word' id='word_1_13' title='bbox 694 589 842 627; x_wconf 89' lang='lat' dir='ltr'>tamen</span> <span class='ocrx_word' id='word_1_14' title='bbox 873 589 987 627; x_wconf 87' lang='lat' dir='ltr'>idem</span> <span class='ocrx_word' id='word_1_15' title='bbox 1018 589 1239 628; x_wconf 81' lang='lat' dir='ltr'><strong>obscurius</strong></span> <span class='ocrx_word' id='word_1_16' title='bbox 1270 589 1495 638; x_wconf 87' lang='lat' dir='ltr'>significat.</span> <span class='ocrx_word' id='word_1_17' title='bbox 1524 589 1577 628; x_wconf 89' lang='lat' dir='ltr'>Et</span> <span class='ocrx_word' id='word_1_18' title='bbox 1604 589 1813 635; x_wconf 82' lang='lat' dir='ltr'>miramur</span> 
     </span>
     <span class='ocr_line' id='line_1_4' title="bbox 257 662 1811 704; baseline 0.002 -4"><span class='ocrx_word' id='word_1_19' title='bbox 257 662 389 701; x_wconf 91' lang='lat' dir='ltr'>etiam</span> <span class='ocrx_word' id='word_1_20' title='bbox 431 673 505 701; x_wconf 90' lang='lat' dir='ltr'>cur</span> <span class='ocrx_word' id='word_1_21' title='bbox 545 674 677 702; x_wconf 88' lang='lat' dir='ltr'>unam</span> <span class='ocrx_word' id='word_1_22' title='bbox 713 664 904 703; x_wconf 87' lang='lat' dir='ltr'>fabulam</span> <span class='ocrx_word' id='word_1_23' title='bbox 936 664 1457 704; x_wconf 88' lang='lat' dir='ltr'>Heautontimorumenon</span> <span class='ocrx_word' id='word_1_24' title='bbox 1488 664 1606 703; x_wconf 89' lang='lat' dir='ltr'>nulla</span> <span class='ocrx_word' id='word_1_25' title='bbox 1638 665 1811 704; x_wconf 89' lang='lat' dir='ltr'>annota-</span> 
     </span>
     <span class='ocr_line' id='line_1_5' title="bbox 255 738 1850 789; baseline 0.003 -14"><span class='ocrx_word' id='word_1_26' title='bbox 255 738 371 776; x_wconf 89' lang='lat' dir='ltr'>tione</span> <span class='ocrx_word' id='word_1_27' title='bbox 398 738 572 786; x_wconf 81' lang='lat' dir='ltr'>dignam</span> <span class='ocrx_word' id='word_1_28' title='bbox 598 738 827 777; x_wconf 77' lang='lat' dir='ltr'>habuerit?</span> <span class='ocrx_word' id='word_1_29' title='bbox 854 739 976 778; x_wconf 89' lang='lat' dir='ltr'>Hanc</span> <span class='ocrx_word' id='word_1_30' title='bbox 1004 739 1120 778; x_wconf 90' lang='lat' dir='ltr'>enim</span> <span class='ocrx_word' id='word_1_31' title='bbox 1141 750 1219 789; x_wconf 87' lang='lat' dir='ltr'>„ex</span> <span class='ocrx_word' id='word_1_32' title='bbox 1238 740 1405 788; x_wconf 91' lang='lat' dir='ltr'>integra</span> <span class='ocrx_word' id='word_1_33' title='bbox 1422 739 1583 779; x_wconf 78' lang='lat' dir='ltr'>Graeca</span> <span class='ocrx_word' id='word_1_34' title='bbox 1599 740 1813 788; x_wconf 83' lang='lat' dir='ltr'>integram</span> <span class='ocrx_word' id='word_1_35' title='bbox 1847 767 1850 773; x_wconf 44' lang='grc' dir='ltr'><em>ι</em></span> 
     </span>
     <span class='ocr_line' id='line_1_6' title="bbox 257 800 1814 865; baseline 0.003 -15"><span class='ocrx_word' id='word_1_36' title='bbox 257 800 550 851; x_wconf 82' lang='lat' dir='ltr'>comoediam’&#39;</span> <span class='ocrx_word' id='word_1_37' title='bbox 598 814 768 862; x_wconf 79' lang='lat' dir='ltr'>scripsit</span> <span class='ocrx_word' id='word_1_38' title='bbox 811 815 1047 865; x_wconf 75' lang='lat' dir='ltr'>Terentius,</span> <span class='ocrx_word' id='word_1_39' title='bbox 1091 825 1304 863; x_wconf 88' lang='lat' dir='ltr'>nusquam</span> <span class='ocrx_word' id='word_1_40' title='bbox 1346 825 1444 864; x_wconf 92' lang='lat' dir='ltr'>ergo</span> <span class='ocrx_word' id='word_1_41' title='bbox 1487 816 1531 854; x_wconf 93' lang='lat' dir='ltr'>in</span> <span class='ocrx_word' id='word_1_42' title='bbox 1563 826 1613 855; x_wconf 88' lang='lat' dir='ltr'>ea</span> <span class='ocrx_word' id='word_1_43' title='bbox 1644 815 1814 865; x_wconf 85' lang='lat' dir='ltr'>propria</span> 
     </span>
     <span class='ocr_line' id='line_1_7' title="bbox 258 874 1810 928; baseline 0.005 -2"><span class='ocrx_word' id='word_1_44' title='bbox 258 888 349 926; x_wconf 90' lang='lat' dir='ltr'>eius</span> <span class='ocrx_word' id='word_1_45' title='bbox 381 888 544 927; x_wconf 90' lang='lat' dir='ltr'>indoles</span> <span class='ocrx_word' id='word_1_46' title='bbox 577 890 728 928; x_wconf 89' lang='lat' dir='ltr'>elucet.</span> <span class='ocrx_word' id='word_1_47' title='bbox 1804 874 1810 880; x_wconf 41' lang='lat'>⁶</span> 
     </span>
    </p>

    <p class='ocr_par' dir='ltr' id='par_1_3' title="bbox 256 963 1814 1237">
     <span class='ocr_line' id='line_1_8' title="bbox 315 963 1814 1015; baseline 0.003 -14"><span class='ocrx_word' id='word_1_48' title='bbox 315 963 433 1002; x_wconf 88' lang='lat' dir='ltr'>Artis</span> <span class='ocrx_word' id='word_1_49' title='bbox 474 965 668 1003; x_wconf 81' lang='lat' dir='ltr'>scenicae</span> <span class='ocrx_word' id='word_1_50' title='bbox 711 966 1063 1004; x_wconf 88' lang='lat' dir='ltr'>amantissimum</span> <span class='ocrx_word' id='word_1_51' title='bbox 1099 966 1494 1015; x_wconf 89' lang='lat' dir='ltr'>peritissimumque</span> <span class='ocrx_word' id='word_1_52' title='bbox 1528 966 1814 1006; x_wconf 78' lang='lat' dir='ltr'>Scholiastam</span> 
     </span>
     <span class='ocr_line' id='line_1_9' title="bbox 257 1038 1813 1091; baseline 0.003 -15"><span class='ocrx_word' id='word_1_53' title='bbox 257 1038 472 1078; x_wconf 88' lang='lat' dir='ltr'>dicebam:</span> <span class='ocrx_word' id='word_1_54' title='bbox 517 1041 569 1078; x_wconf 91' lang='lat' dir='ltr'>ad</span> <span class='ocrx_word' id='word_1_55' title='bbox 610 1041 721 1079; x_wconf 90' lang='lat' dir='ltr'>hanc</span> <span class='ocrx_word' id='word_1_56' title='bbox 763 1052 862 1090; x_wconf 87' lang='lat' dir='ltr'>ergo</span> <span class='ocrx_word' id='word_1_57' title='bbox 905 1051 1056 1080; x_wconf 90' lang='lat' dir='ltr'>omnes</span> <span class='ocrx_word' id='word_1_58' title='bbox 1089 1042 1181 1080; x_wconf 89' lang='lat' dir='ltr'>eius</span> <span class='ocrx_word' id='word_1_59' title='bbox 1210 1042 1512 1081; x_wconf 71' lang='lat' dir='ltr'>annotationes</span> <span class='ocrx_word' id='word_1_60' title='bbox 1543 1041 1691 1080; x_wconf 85' lang='lat' dir='ltr'>referri</span> <span class='ocrx_word' id='word_1_61' title='bbox 1721 1052 1813 1091; x_wconf 90' lang='lat' dir='ltr'>pos-</span> 
     </span>
     <span class='ocr_line' id='line_1_10' title="bbox 256 1099 1814 1165; baseline 0.003 -14"><span class='ocrx_word' id='word_1_62' title='bbox 256 1115 379 1152; x_wconf 87' lang='lat' dir='ltr'>sunt:</span> <span class='ocrx_word' id='word_1_63' title='bbox 423 1114 595 1154; x_wconf 90' lang='lat' dir='ltr'>illarum</span> <span class='ocrx_word' id='word_1_64' title='bbox 637 1118 783 1155; x_wconf 89' lang='lat' dir='ltr'>autem</span> <span class='ocrx_word' id='word_1_65' title='bbox 827 1118 1009 1165; x_wconf 90' lang='lat' dir='ltr'>quatuor</span> <span class='ocrx_word' id='word_1_66' title='bbox 1046 1117 1134 1156; x_wconf 87' lang='lat' dir='ltr'>fere</span> <span class='ocrx_word' id='word_1_67' title='bbox 1166 1117 1274 1156; x_wconf 91' lang='lat' dir='ltr'>mihi</span> <span class='ocrx_word' id='word_1_68' title='bbox 1305 1099 1684 1156; x_wconf 65' lang='lat' dir='ltr'>observare&#39;visus</span> <span class='ocrx_word' id='word_1_69' title='bbox 1715 1127 1814 1156; x_wconf 89' lang='lat' dir='ltr'>sum</span> 
     </span>
     <span class='ocr_line' id='line_1_11' title="bbox 257 1200 426 1237; baseline 0.006 -9"><span class='ocrx_word' id='word_1_70' title='bbox 257 1200 426 1237; x_wconf 85' lang='lat' dir='ltr'>genera.</span> 
     </span>
    </p>

    <p class='ocr_par' dir='ltr' id='par_1_4' title="bbox 256 1264 1816 1757">
     <span class='ocr_line' id='line_1_12' title="bbox 317 1264 1815 1317; baseline 0.001 -11"><span class='ocrx_word' id='word_1_71' title='bbox 317 1264 356 1307; x_wconf 87' lang='lat' dir='ltr'>I.</span> <span class='ocrx_word' id='word_1_72' title='bbox 389 1266 563 1305; x_wconf 86' lang='lat' dir='ltr'>Efficere</span> <span class='ocrx_word' id='word_1_73' title='bbox 595 1269 773 1306; x_wconf 90' lang='lat' dir='ltr'>conatur</span> <span class='ocrx_word' id='word_1_74' title='bbox 805 1268 1044 1307; x_wconf 81' lang='lat' dir='ltr'>Scholiasta</span> <span class='ocrx_word' id='word_1_75' title='bbox 1074 1270 1123 1307; x_wconf 92' lang='lat' dir='ltr'>ut</span> <span class='ocrx_word' id='word_1_76' title='bbox 1154 1269 1234 1317; x_wconf 90' lang='lat' dir='ltr'>ipsi</span> <span class='ocrx_word' id='word_1_77' title='bbox 1266 1269 1416 1308; x_wconf 91' lang='lat' dir='ltr'>adesse</span> <span class='ocrx_word' id='word_1_78' title='bbox 1443 1268 1565 1317; x_wconf 87' lang='lat' dir='ltr'>nobis</span> <span class='ocrx_word' id='word_1_79' title='bbox 1591 1269 1815 1308; x_wconf 88' lang='lat' dir='ltr'>videamur</span> 
     </span>
     <span class='ocr_line' id='line_1_13' title="bbox 256 1342 1816 1393; baseline 0.003 -14"><span class='ocrx_word' id='word_1_80' title='bbox 256 1342 407 1389; x_wconf 81' lang='lat' dir='ltr'>poetae</span> <span class='ocrx_word' id='word_1_81' title='bbox 438 1342 653 1392; x_wconf 85' lang='lat' dir='ltr'>scribenti,</span> <span class='ocrx_word' id='word_1_82' title='bbox 689 1343 905 1393; x_wconf 72' lang='lat' dir='ltr'>cogitanti,</span> <span class='ocrx_word' id='word_1_83' title='bbox 934 1344 1137 1383; x_wconf 89' lang='lat' dir='ltr'>studenti.</span> <span class='ocrx_word' id='word_1_84' title='bbox 1166 1345 1214 1382; x_wconf 92' lang='lat' dir='ltr'>In</span> <span class='ocrx_word' id='word_1_85' title='bbox 1241 1345 1451 1393; x_wconf 84' lang='lat' dir='ltr'>poeticam</span> <span class='ocrx_word' id='word_1_86' title='bbox 1479 1355 1558 1383; x_wconf 91' lang='lat' dir='ltr'>nos</span> <span class='ocrx_word' id='word_1_87' title='bbox 1584 1344 1816 1383; x_wconf 86' lang='lat' dir='ltr'>introducit</span> 
     </span>
     <span class='ocr_line' id='line_1_14' title="bbox 257 1416 1815 1467; baseline 0.003 -13"><span class='ocrx_word' id='word_1_88' title='bbox 257 1416 483 1466; x_wconf 89' lang='lat' dir='ltr'>officinam,</span> <span class='ocrx_word' id='word_1_89' title='bbox 531 1417 604 1455; x_wconf 90' lang='lat' dir='ltr'>ubi</span> <span class='ocrx_word' id='word_1_90' title='bbox 645 1418 814 1466; x_wconf 92' lang='lat' dir='ltr'>singula</span> <span class='ocrx_word' id='word_1_91' title='bbox 853 1419 1164 1467; x_wconf 90' lang='lat' dir='ltr'>perlustremus</span> <span class='ocrx_word' id='word_1_92' title='bbox 1205 1420 1495 1458; x_wconf 91' lang='lat' dir='ltr'>instrumenta</span> <span class='ocrx_word' id='word_1_93' title='bbox 1537 1420 1580 1458; x_wconf 89' lang='lat' dir='ltr'>et</span> <span class='ocrx_word' id='word_1_94' title='bbox 1621 1419 1721 1467; x_wconf 87' lang='lat' dir='ltr'>quid</span> <span class='ocrx_word' id='word_1_95' title='bbox 1761 1419 1815 1458; x_wconf 89' lang='lat' dir='ltr'>iis</span> 
     </span>
     <span class='ocr_line' id='line_1_15' title="bbox 257 1490 1812 1543; baseline 0.003 -14"><span class='ocrx_word' id='word_1_96' title='bbox 257 1490 401 1539; x_wconf 87' lang='lat' dir='ltr'>perfici</span> <span class='ocrx_word' id='word_1_97' title='bbox 431 1493 568 1540; x_wconf 90' lang='lat' dir='ltr'>possit</span> <span class='ocrx_word' id='word_1_98' title='bbox 600 1504 922 1542; x_wconf 71' lang='lat' dir='ltr'>cognoscamus</span> <span class='ocrx_word' id='word_1_99' title='bbox 950 1494 1066 1533; x_wconf 91' lang='lat' dir='ltr'>Dabo</span> <span class='ocrx_word' id='word_1_100' title='bbox 1093 1505 1228 1533; x_wconf 90' lang='lat' dir='ltr'>unum</span> <span class='ocrx_word' id='word_1_101' title='bbox 1255 1495 1523 1542; x_wconf 88' lang='lat' dir='ltr'>alterumque</span> <span class='ocrx_word' id='word_1_102' title='bbox 1550 1495 1812 1543; x_wconf 81' lang='lat' dir='ltr'>exemplum.</span> 
     </span>
     <span class='ocr_line' id='line_1_16' title="bbox 257 1566 1813 1618; baseline 0.003 -14"><span class='ocrx_word' id='word_1_103' title='bbox 257 1566 309 1604; x_wconf 89' lang='lat' dir='ltr'>Et</span> <span class='ocrx_word' id='word_1_104' title='bbox 349 1567 536 1615; x_wconf 90' lang='lat' dir='ltr'>primum</span> <span class='ocrx_word' id='word_1_105' title='bbox 575 1569 645 1607; x_wconf 87' lang='lat' dir='ltr'>hic</span> <span class='ocrx_word' id='word_1_106' title='bbox 676 1570 868 1617; x_wconf 84' lang='lat' dir='ltr'>repetam</span> <span class='ocrx_word' id='word_1_107' title='bbox 901 1580 1009 1617; x_wconf 91' lang='lat' dir='ltr'>quae</span> <span class='ocrx_word' id='word_1_108' title='bbox 1042 1570 1094 1609; x_wconf 89' lang='lat' dir='ltr'>ad</span> <span class='ocrx_word' id='word_1_109' title='bbox 1124 1570 1229 1609; x_wconf 89' lang='lat' dir='ltr'>Eun.</span> <span class='ocrx_word' id='word_1_110' title='bbox 1264 1570 1346 1608; x_wconf 86' lang='lat'>941</span> <span class='ocrx_word' id='word_1_111' title='bbox 1381 1571 1424 1608; x_wconf 94' lang='lat' dir='ltr'>et</span> <span class='ocrx_word' id='word_1_112' title='bbox 1458 1570 1570 1609; x_wconf 84' lang='lat'>1004</span> <span class='ocrx_word' id='word_1_113' title='bbox 1601 1570 1813 1618; x_wconf 86' lang='lat' dir='ltr'>leguntur.</span> 
     </span>
     <span class='ocr_line' id='line_1_17' title="bbox 258 1641 1815 1694; baseline 0.003 -14"><span class='ocrx_word' id='word_1_114' title='bbox 258 1641 323 1680; x_wconf 91' lang='lat' dir='ltr'>Ad</span> <span class='ocrx_word' id='word_1_115' title='bbox 368 1643 499 1681; x_wconf 84' lang='lat' dir='ltr'>verba</span> <span class='ocrx_word' id='word_1_116' title='bbox 546 1654 644 1692; x_wconf 89' lang='lat' dir='ltr'>ergo</span> <span class='ocrx_word' id='word_1_117' title='bbox 691 1644 926 1694; x_wconf 81' lang='lat' dir='ltr'>Pythiadis,</span> <span class='ocrx_word' id='word_1_118' title='bbox 976 1645 1128 1692; x_wconf 86' lang='lat' dir='ltr'>quibus</span> <span class='ocrx_word' id='word_1_119' title='bbox 1174 1645 1432 1683; x_wconf 87' lang='lat' dir='ltr'>Parmenoni</span> <span class='ocrx_word' id='word_1_120' title='bbox 1478 1655 1602 1684; x_wconf 84' lang='lat' dir='ltr'>servo</span> <span class='ocrx_word' id='word_1_121' title='bbox 1649 1645 1815 1684; x_wconf 85' lang='lat' dir='ltr'>certum</span> 
     </span>
     <span class='ocr_line' id='line_1_18' title="bbox 258 1717 720 1757; baseline 0.006 -3"><span class='ocrx_word' id='word_1_122' title='bbox 258 1717 484 1756; x_wconf 90' lang='lat' dir='ltr'>minitatur</span> <span class='ocrx_word' id='word_1_123' title='bbox 515 1719 720 1757; x_wconf 82' lang='lat' dir='ltr'>exitium:</span> 
     </span>
    </p>

    <p class='ocr_par' dir='ltr' id='par_1_5' title="bbox 495 1794 1577 1845">
     <span class='ocr_line' id='line_1_19' title="bbox 495 1794 1577 1845; baseline 0.002 -13"><span class='ocrx_word' id='word_1_124' title='bbox 495 1794 581 1842; x_wconf 89' lang='lat' dir='ltr'>Ego</span> <span class='ocrx_word' id='word_1_125' title='bbox 613 1794 683 1842; x_wconf 90' lang='lat' dir='ltr'>pol</span> <span class='ocrx_word' id='word_1_126' title='bbox 713 1795 757 1832; x_wconf 92' lang='lat' dir='ltr'>te</span> <span class='ocrx_word' id='word_1_127' title='bbox 788 1806 863 1843; x_wconf 90' lang='lat' dir='ltr'>pro</span> <span class='ocrx_word' id='word_1_128' title='bbox 896 1795 993 1833; x_wconf 89' lang='lat' dir='ltr'>istis</span> <span class='ocrx_word' id='word_1_129' title='bbox 1026 1795 1151 1834; x_wconf 89' lang='lat' dir='ltr'>dictis</span> <span class='ocrx_word' id='word_1_130' title='bbox 1179 1796 1223 1834; x_wconf 91' lang='lat' dir='ltr'>et</span> <span class='ocrx_word' id='word_1_131' title='bbox 1252 1795 1391 1844; x_wconf 80' lang='lat' dir='ltr'>factiS,</span> <span class='ocrx_word' id='word_1_132' title='bbox 1425 1795 1577 1845; x_wconf 80' lang='lat' dir='ltr'>sceIUS,</span> 
     </span>
    </p>

    <p class='ocr_par' dir='ltr' id='par_1_6' title="bbox 253 1869 1817 2528">
     <span class='ocr_line' id='line_1_20' title="bbox 494 1869 1476 1919; baseline 0.001 -12"><span class='ocrx_word' id='word_1_133' title='bbox 494 1869 698 1919; x_wconf 87' lang='lat' dir='ltr'>Ulciscar,</span> <span class='ocrx_word' id='word_1_134' title='bbox 732 1871 781 1909; x_wconf 93' lang='lat' dir='ltr'>ut</span> <span class='ocrx_word' id='word_1_135' title='bbox 812 1881 865 1908; x_wconf 92' lang='lat' dir='ltr'>ne</span> <span class='ocrx_word' id='word_1_136' title='bbox 898 1870 1072 1918; x_wconf 90' lang='lat' dir='ltr'>impune</span> <span class='ocrx_word' id='word_1_137' title='bbox 1105 1871 1149 1908; x_wconf 91' lang='lat' dir='ltr'>in</span> <span class='ocrx_word' id='word_1_138' title='bbox 1180 1881 1258 1909; x_wconf 90' lang='lat' dir='ltr'>nos</span> <span class='ocrx_word' id='word_1_139' title='bbox 1291 1870 1476 1909; x_wconf 88' lang='lat' dir='ltr'>illuseris</span> 
     </span>
     <span class='ocr_line' id='line_1_21' title="bbox 259 1946 1817 1995; baseline 0.001 -12"><span class='ocrx_word' id='word_1_140' title='bbox 259 1946 459 1983; x_wconf 89' lang='lat' dir='ltr'>annotat:</span> <span class='ocrx_word' id='word_1_141' title='bbox 507 1947 575 1994; x_wconf 84' lang='lat' dir='ltr'>„et</span> <span class='ocrx_word' id='word_1_142' title='bbox 617 1946 668 1984; x_wconf 90' lang='lat' dir='ltr'>ab</span> <span class='ocrx_word' id='word_1_143' title='bbox 711 1946 832 1984; x_wconf 92' lang='lat' dir='ltr'>initio</span> <span class='ocrx_word' id='word_1_144' title='bbox 874 1956 959 1984; x_wconf 90' lang='lat' dir='ltr'>non</span> <span class='ocrx_word' id='word_1_145' title='bbox 999 1946 1192 1994; x_wconf 90' lang='lat' dir='ltr'>placatur</span> <span class='ocrx_word' id='word_1_146' title='bbox 1232 1946 1411 1994; x_wconf 86' lang='lat' dir='ltr'>Pythias</span> <span class='ocrx_word' id='word_1_147' title='bbox 1447 1956 1526 1985; x_wconf 89' lang='lat' dir='ltr'>nec</span> <span class='ocrx_word' id='word_1_148' title='bbox 1556 1946 1601 1985; x_wconf 90' lang='lat' dir='ltr'>in</span> <span class='ocrx_word' id='word_1_149' title='bbox 1631 1946 1817 1995; x_wconf 85' lang='lat' dir='ltr'>gratiam</span> 
     </span>
     <span class='ocr_line' id='line_1_22' title="bbox 259 2008 1817 2070; baseline 0.001 -12"><span class='ocrx_word' id='word_1_150' title='bbox 259 2020 369 2058; x_wconf 88' lang='lat' dir='ltr'>redit</span> <span class='ocrx_word' id='word_1_151' title='bbox 411 2020 637 2060; x_wconf 86' lang='lat' dir='ltr'>Chaereae.</span> <span class='ocrx_word' id='word_1_152' title='bbox 681 2021 734 2060; x_wconf 89' lang='lat' dir='ltr'>Et</span> <span class='ocrx_word' id='word_1_153' title='bbox 775 2021 948 2070; x_wconf 91' lang='lat' dir='ltr'>insuper</span> <span class='ocrx_word' id='word_1_154' title='bbox 988 2031 1101 2060; x_wconf 90' lang='lat' dir='ltr'>nunc</span> <span class='ocrx_word' id='word_1_155' title='bbox 1131 2022 1240 2060; x_wconf 91' lang='lat' dir='ltr'>mire</span> <span class='ocrx_word' id='word_1_156' title='bbox 1272 2032 1297 2060; x_wconf 90' lang='lat' dir='ltr'>a</span> <span class='ocrx_word' id='word_1_157' title='bbox 1327 2022 1593 2060; x_wconf 89' lang='lat' dir='ltr'>Parmenone</span> <span class='ocrx_word' id='word_1_158' title='bbox 1624 2008 1817 2060; x_wconf 81' lang='lat' dir='ltr'>irritatur</span> 
     </span>
     <span class='ocr_line' id='line_1_23' title="bbox 258 2096 1816 2146; baseline 0.001 -12"><span class='ocrx_word' id='word_1_159' title='bbox 258 2096 410 2145; x_wconf 86' lang='lat' dir='ltr'>magis,</span> <span class='ocrx_word' id='word_1_160' title='bbox 440 2098 488 2135; x_wconf 92' lang='lat' dir='ltr'>ut</span> <span class='ocrx_word' id='word_1_161' title='bbox 514 2107 588 2144; x_wconf 91' lang='lat' dir='ltr'>per</span> <span class='ocrx_word' id='word_1_162' title='bbox 615 2107 712 2135; x_wconf 90' lang='lat' dir='ltr'>eam</span> <span class='ocrx_word' id='word_1_163' title='bbox 738 2097 948 2135; x_wconf 90' lang='lat' dir='ltr'>Parmeno</span> <span class='ocrx_word' id='word_1_164' title='bbox 974 2098 1197 2146; x_wconf 87' lang='lat' dir='ltr'>terreatur,</span> <span class='ocrx_word' id='word_1_165' title='bbox 1228 2098 1331 2136; x_wconf 91' lang='lat' dir='ltr'>adeo</span> <span class='ocrx_word' id='word_1_166' title='bbox 1348 2098 1397 2135; x_wconf 91' lang='lat' dir='ltr'>ut</span> <span class='ocrx_word' id='word_1_167' title='bbox 1412 2107 1487 2145; x_wconf 91' lang='lat' dir='ltr'>per</span> <span class='ocrx_word' id='word_1_168' title='bbox 1503 2097 1816 2136; x_wconf 88' lang='lat' dir='ltr'>Parmenonem</span> 
     </span>
     <span class='ocr_line' id='line_1_24' title="bbox 258 2171 1815 2220; baseline 0.001 -12"><span class='ocrx_word' id='word_1_169' title='bbox 258 2171 420 2218; x_wconf 85' lang='lat' dir='ltr'>ingredi</span> <span class='ocrx_word' id='word_1_170' title='bbox 467 2172 519 2209; x_wconf 92' lang='lat' dir='ltr'>ad</span> <span class='ocrx_word' id='word_1_171' title='bbox 566 2171 773 2210; x_wconf 85' lang='lat' dir='ltr'>Thaidem</span> <span class='ocrx_word' id='word_1_172' title='bbox 820 2173 996 2220; x_wconf 89' lang='lat' dir='ltr'>cogatur</span> <span class='ocrx_word' id='word_1_173' title='bbox 1042 2181 1187 2220; x_wconf 81' lang='lat' dir='ltr'>seneX‚</span> <span class='ocrx_word' id='word_1_174' title='bbox 1237 2173 1279 2210; x_wconf 89' lang='lat' dir='ltr'>et</span> <span class='ocrx_word' id='word_1_175' title='bbox 1325 2172 1500 2210; x_wconf 88' lang='lat' dir='ltr'>demum</span> <span class='ocrx_word' id='word_1_176' title='bbox 1546 2182 1620 2220; x_wconf 90' lang='lat' dir='ltr'>per</span> <span class='ocrx_word' id='word_1_177' title='bbox 1665 2181 1815 2210; x_wconf 89' lang='lat' dir='ltr'>senem</span> 
     </span>
     <span class='ocr_line' id='line_1_25' title="bbox 255 2245 1816 2296; baseline 0.001 -12"><span class='ocrx_word' id='word_1_178' title='bbox 255 2247 429 2294; x_wconf 90' lang='lat' dir='ltr'>nuptiae</span> <span class='ocrx_word' id='word_1_179' title='bbox 472 2246 789 2286; x_wconf 90' lang='lat' dir='ltr'>confirmentur.</span> <span class='ocrx_word' id='word_1_180' title='bbox 829 2247 947 2285; x_wconf 90' lang='lat' dir='ltr'>Haec</span> <span class='ocrx_word' id='word_1_181' title='bbox 979 2257 1077 2295; x_wconf 90' lang='lat' dir='ltr'>ergo</span> <span class='ocrx_word' id='word_1_182' title='bbox 1110 2245 1344 2285; x_wconf 85' lang='lat' dir='ltr'>artificibus</span> <span class='ocrx_word' id='word_1_183' title='bbox 1376 2248 1419 2285; x_wconf 88' lang='lat' dir='ltr'>et</span> <span class='ocrx_word' id='word_1_184' title='bbox 1450 2246 1639 2296; x_wconf 89' lang='lat' dir='ltr'>eruditis,</span> <span class='ocrx_word' id='word_1_185' title='bbox 1674 2247 1816 2285; x_wconf 89' lang='lat' dir='ltr'>cetera</span> 
     </span>
     <span class='ocr_line' id='line_1_26' title="bbox 256 2322 1815 2371; baseline 0.001 -11"><span class='ocrx_word' id='word_1_186' title='bbox 256 2323 567 2370; x_wconf 86' lang='lat' dir='ltr'>spectatoribus</span> <span class='ocrx_word' id='word_1_187' title='bbox 608 2325 735 2371; x_wconf 81' lang='lat' dir='ltr'>poeta</span> <span class='ocrx_word' id='word_1_188' title='bbox 776 2323 992 2361; x_wconf 83' lang='lat' dir='ltr'>exhibet.’&#39;</span> <span class='ocrx_word' id='word_1_189' title='bbox 1034 2322 1205 2361; x_wconf 82' lang='lat' dir='ltr'>Dixeris</span> <span class='ocrx_word' id='word_1_190' title='bbox 1248 2333 1273 2360; x_wconf 90' lang='lat' dir='ltr'>a</span> <span class='ocrx_word' id='word_1_191' title='bbox 1306 2322 1545 2360; x_wconf 81' lang='lat' dir='ltr'>Scholiasta</span> <span class='ocrx_word' id='word_1_192' title='bbox 1575 2322 1815 2371; x_wconf 86' lang='lat' dir='ltr'>inspectam</span> 
     </span>
     <span class='ocr_line' id='line_1_27' title="bbox 254 2397 1815 2448; baseline 0.001 -13"><span class='ocrx_word' id='word_1_193' title='bbox 254 2398 457 2446; x_wconf 88' lang='lat' dir='ltr'>paginam</span> <span class='ocrx_word' id='word_1_194' title='bbox 484 2399 840 2448; x_wconf 87' lang='lat' dir='ltr'>adversariorum,</span> <span class='ocrx_word' id='word_1_195' title='bbox 870 2398 914 2436; x_wconf 92' lang='lat' dir='ltr'>in</span> <span class='ocrx_word' id='word_1_196' title='bbox 936 2408 1020 2446; x_wconf 86' lang='lat' dir='ltr'>qua</span> <span class='ocrx_word' id='word_1_197' title='bbox 1035 2399 1173 2447; x_wconf 78' lang='lat' dir='ltr'>poeta,</span> <span class='ocrx_word' id='word_1_198' title='bbox 1192 2397 1445 2446; x_wconf 86' lang='lat' dir='ltr'>priusquam</span> <span class='ocrx_word' id='word_1_199' title='bbox 1461 2407 1613 2435; x_wconf 89' lang='lat' dir='ltr'>versus</span> <span class='ocrx_word' id='word_1_200' title='bbox 1630 2397 1815 2436; x_wconf 85' lang='lat' dir='ltr'>scribere</span> 
     </span>
     <span class='ocr_line' id='line_1_28' title="bbox 253 2473 1754 2528; baseline 0 -17"><span class='ocrx_word' id='word_1_201' title='bbox 253 2473 470 2523; x_wconf 88' lang='lat' dir='ltr'>inciperet,</span> <span class='ocrx_word' id='word_1_202' title='bbox 504 2474 638 2513; x_wconf 90' lang='lat' dir='ltr'>totius</span> <span class='ocrx_word' id='word_1_203' title='bbox 671 2475 792 2513; x_wconf 89' lang='lat' dir='ltr'>actus</span> <span class='ocrx_word' id='word_1_204' title='bbox 820 2475 1048 2512; x_wconf 90' lang='lat' dir='ltr'>decursum</span> <span class='ocrx_word' id='word_1_205' title='bbox 1079 2473 1226 2522; x_wconf 81' lang='lat' dir='ltr'>paucis</span> <span class='ocrx_word' id='word_1_206' title='bbox 1259 2473 1582 2528; x_wconf 84' lang='lat' dir='ltr'>consignaverit</span> <span class='ocrx_word' id='word_1_207' title='bbox 1604 2473 1754 2512; x_wconf 91' lang='lat' dir='ltr'>literis.</span> 
     </span>
    </p>

    <p class='ocr_par' dir='ltr' id='par_1_7' title="bbox 253 2548 1815 2825">
     <span class='ocr_line' id='line_1_29' title="bbox 313 2548 1815 2599; baseline 0.001 -13"><span class='ocrx_word' id='word_1_208' title='bbox 313 2548 390 2587; x_wconf 87' lang='lat' dir='ltr'>Ad.</span> <span class='ocrx_word' id='word_1_209' title='bbox 433 2560 497 2588; x_wconf 87' lang='lat' dir='ltr'>vs.</span> <span class='ocrx_word' id='word_1_210' title='bbox 546 2550 670 2599; x_wconf 74' lang='lat'>1004,</span> <span class='ocrx_word' id='word_1_211' title='bbox 713 2550 825 2588; x_wconf 91' lang='lat' dir='ltr'>unde</span> <span class='ocrx_word' id='word_1_212' title='bbox 868 2560 980 2588; x_wconf 86' lang='lat' dir='ltr'>nova</span> <span class='ocrx_word' id='word_1_213' title='bbox 1016 2549 1165 2597; x_wconf 90' lang='lat' dir='ltr'>incipit</span> <span class='ocrx_word' id='word_1_214' title='bbox 1196 2559 1325 2587; x_wconf 89' lang='lat' dir='ltr'>scena</span> <span class='ocrx_word' id='word_1_215' title='bbox 1357 2548 1401 2586; x_wconf 91' lang='lat' dir='ltr'>in</span> <span class='ocrx_word' id='word_1_216' title='bbox 1432 2559 1516 2596; x_wconf 86' lang='lat' dir='ltr'>qua</span> <span class='ocrx_word' id='word_1_217' title='bbox 1546 2549 1757 2588; x_wconf 85' lang='lat' dir='ltr'>Parmeno</span> <span class='ocrx_word' id='word_1_218' title='bbox 1789 2559 1815 2588; x_wconf 90' lang='lat' dir='ltr'>a</span> 
     </span>
     <span class='ocr_line' id='line_1_30' title="bbox 255 2606 1815 2674; baseline 0.001 -13"><span class='ocrx_word' id='word_1_219' title='bbox 255 2624 463 2671; x_wconf 88' lang='lat' dir='ltr'>Pythiade</span> <span class='ocrx_word' id='word_1_220' title='bbox 504 2625 685 2663; x_wconf 90' lang='lat' dir='ltr'>ludibrio</span> <span class='ocrx_word' id='word_1_221' title='bbox 727 2606 930 2663; x_wconf 88' lang='lat' dir='ltr'>habetur:</span> <span class='ocrx_word' id='word_1_222' title='bbox 978 2624 1183 2674; x_wconf 83' lang='lat' dir='ltr'>„Pythias</span> <span class='ocrx_word' id='word_1_223' title='bbox 1226 2624 1440 2672; x_wconf 89' lang='lat' dir='ltr'>egreditur</span> <span class='ocrx_word' id='word_1_224' title='bbox 1470 2624 1607 2662; x_wconf 82' lang='lat' dir='ltr'>veluti</span> <span class='ocrx_word' id='word_1_225' title='bbox 1638 2624 1815 2663; x_wconf 88' lang='lat' dir='ltr'>irrisura</span> 
     </span>
     <span class='ocr_line' id='line_1_31' title="bbox 254 2699 1815 2755; baseline 0 -17"><span class='ocrx_word' id='word_1_226' title='bbox 254 2700 579 2755; x_wconf 87' lang='lat' dir='ltr'>Parmenonem,</span> <span class='ocrx_word' id='word_1_227' title='bbox 613 2701 662 2738; x_wconf 91' lang='lat' dir='ltr'>ut</span> <span class='ocrx_word' id='word_1_228' title='bbox 693 2700 786 2748; x_wconf 90' lang='lat' dir='ltr'>ipsa</span> <span class='ocrx_word' id='word_1_229' title='bbox 817 2702 952 2748; x_wconf 91' lang='lat' dir='ltr'>putat.</span> <span class='ocrx_word' id='word_1_230' title='bbox 988 2699 1140 2748; x_wconf 90' lang='lat' dir='ltr'>Egredi</span> <span class='ocrx_word' id='word_1_231' title='bbox 1172 2700 1318 2738; x_wconf 89' lang='lat' dir='ltr'>autem</span> <span class='ocrx_word' id='word_1_232' title='bbox 1351 2710 1376 2738; x_wconf 91' lang='lat' dir='ltr'>a</span> <span class='ocrx_word' id='word_1_233' title='bbox 1408 2701 1535 2748; x_wconf 83' lang='lat' dir='ltr'>poeta</span> <span class='ocrx_word' id='word_1_234' title='bbox 1562 2699 1737 2749; x_wconf 84' lang='lat' dir='ltr'>cogitur,</span> <span class='ocrx_word' id='word_1_235' title='bbox 1765 2701 1815 2738; x_wconf 88' lang='lat' dir='ltr'>ut</span> 
     </span>
     <span class='ocr_line' id='line_1_32' title="bbox 253 2758 1306 2825; baseline 0 -12"><span class='ocrx_word' id='word_1_236' title='bbox 253 2775 402 2813; x_wconf 90' lang='lat' dir='ltr'>doceat</span> <span class='ocrx_word' id='word_1_237' title='bbox 433 2775 649 2825; x_wconf 85' lang='lat' dir='ltr'>populum,</span> <span class='ocrx_word' id='word_1_238' title='bbox 685 2776 784 2823; x_wconf 87' lang='lat' dir='ltr'>quid</span> <span class='ocrx_word' id='word_1_239' title='bbox 816 2758 932 2814; x_wconf 87' lang='lat' dir='ltr'>intus</span> <span class='ocrx_word' id='word_1_240' title='bbox 965 2775 1100 2823; x_wconf 87' lang='lat' dir='ltr'>egerit</span> <span class='ocrx_word' id='word_1_241' title='bbox 1131 2776 1306 2813; x_wconf 84' lang='lat' dir='ltr'>seneX.”</span> 
     </span>
    </p>

    <p class='ocr_par' dir='ltr' id='par_1_8' title="bbox 251 2849 1812 2975">
     <span class='ocr_line' id='line_1_33' title="bbox 311 2849 1812 2899; baseline 0 -11"><span class='ocrx_word' id='word_1_242' title='bbox 311 2850 441 2888; x_wconf 87' lang='lat' dir='ltr'>Andr.</span> <span class='ocrx_word' id='word_1_243' title='bbox 487 2851 585 2889; x_wconf 83' lang='lat'>637.</span> <span class='ocrx_word' id='word_1_244' title='bbox 618 2851 881 2899; x_wconf 87' lang='lat' dir='ltr'>Pamphilus,</span> <span class='ocrx_word' id='word_1_245' title='bbox 916 2850 988 2888; x_wconf 91' lang='lat' dir='ltr'>ubi</span> <span class='ocrx_word' id='word_1_246' title='bbox 1019 2850 1108 2888; x_wconf 90' lang='lat' dir='ltr'>suis</span> <span class='ocrx_word' id='word_1_247' title='bbox 1144 2849 1317 2888; x_wconf 89' lang='lat' dir='ltr'>auribus</span> <span class='ocrx_word' id='word_1_248' title='bbox 1350 2850 1515 2888; x_wconf 86' lang='lat' dir='ltr'>audivit</span> <span class='ocrx_word' id='word_1_249' title='bbox 1546 2860 1592 2888; x_wconf 92' lang='lat' dir='ltr'>se</span> <span class='ocrx_word' id='word_1_250' title='bbox 1622 2849 1731 2889; x_wconf 89' lang='lat' dir='ltr'>Davi</span> <span class='ocrx_word' id='word_1_251' title='bbox 1762 2850 1812 2888; x_wconf 93' lang='lat' dir='ltr'>de</span> 
     </span>
     <span class='ocr_line' id='line_1_34' title="bbox 251 2912 1810 2975; baseline 0.001 -13"><span class='ocrx_word' id='word_1_252' title='bbox 251 2924 505 2964; x_wconf 88' lang='lat' dir='ltr'>simulandis</span> <span class='ocrx_word' id='word_1_253' title='bbox 547 2925 708 2975; x_wconf 89' lang='lat' dir='ltr'>nuptiis</span> <span class='ocrx_word' id='word_1_254' title='bbox 751 2925 926 2964; x_wconf 88' lang='lat' dir='ltr'>consilio</span> <span class='ocrx_word' id='word_1_255' title='bbox 969 2925 1021 2964; x_wconf 85' lang='lat' dir='ltr'>ad</span> <span class='ocrx_word' id='word_1_256' title='bbox 1065 2935 1192 2963; x_wconf 89' lang='lat' dir='ltr'>veras</span> <span class='ocrx_word' id='word_1_257' title='bbox 1235 2925 1407 2973; x_wconf 89' lang='lat' dir='ltr'>nuptias</span> <span class='ocrx_word' id='word_1_258' title='bbox 1449 2912 1510 2967; x_wconf 78' lang='lat' dir='ltr'>ita</span> <span class='ocrx_word' id='word_1_259' title='bbox 1541 2925 1810 2975; x_wconf 87' lang='lat' dir='ltr'>compulsum</span> 
     </span>
    </p>
   </div>
  </div>
 </body>
</html>
