2002 3464
1017 386 1099 425 160

274 510 407 548 arte.
441 509 571 547 Thais
602 509 729 548 modo
761 509 904 548 hunc
930 509 1110 559 dixerat,
1139 520 1235 559 non,
1263 510 1519 559 militem,
1549 511 1594 548 at
1619 509 1829 550 Parmeno

272 585 527 623 Phaedriam
558 584 780 623 nominare
811 595 897 623 non
927 585 1111 623 veretur.

335 661 401 699 19.
444 659 657 698 Accede
699 659 822 698 huc!
866 659 1128 698 Simulatum
1170 659 1249 699 hoo
1289 660 1407 698 iubet
1447 659 1702 699 Eunuchum
1731 659 1828 701 Par·

272 745 412 774 meno.
445 734 711 773 Annotatur:
749 734 907 783 „Vultu
933 745 982 773 eo
1009 734 1163 773 dicitur
1189 745 1271 783 quo
1298 735 1442 774 debuit
1469 735 1619 784 dicere,
1646 735 1692 775 et
1717 735 1829 775 dicto
1863 739 1866 741 ’

273 810 541 849 aemulorum
582 809 726 848 laesus
758 811 800 848 et
838 809 1093 849 confidentia
1123 809 1369 859 destitutus,
1403 810 1522 848 ve]ut
1554 810 1597 848 in
1630 819 1678 848 eo
1710 810 1828 849 dum-

271 887 402 924 taxat·
452 886 681 933 conspeetu
737 884 950 924 Chaereae
1005 884 1262 925 confidens.'’
1320 885 1576 934 Corruptum
1632 885 1685 924 in
1746 896 1827 933 eo;

271 961 498 999 Klotziana
553 961 606 998 in
662 970 776 1010 eos,
834 962 948 1000 haud
998 961 1124 1011 male,
1173 962 1210 1000 si
1255 961 1317 1000 sic
1363 961 1547 1010 accipias
1596 961 1829 1011 „adversus

272 1036 507 1075 aemulos.’'

330 1186 404 1236 III,
449 1187 488 1236 3,
533 1187 602 1225 31.
645 1186 850 1226 Amabo
892 1189 950 1226 ut
981 1187 1120 1226 illuc
1150 1189 1436 1236 transeas,
1469 1187 1561 1226 ubi
1592 1187 1695 1227 illa
1725 1188 1825 1233 est]

274 1262 396 1311 „vide
441 1272 526 1300 non
567 1272 662 1301 esse
703 1255 902 1312 otiosum,
946 1263 1055 1310 quod
1096 1263 1242 1302 omnia
1282 1264 1505 1312 praetenta
1545 1264 1647 1301 sunt
1686 1261 1828 1312 potius

269 1348 400 1385 quam
436 1347 505 1376 res
537 1338 782 1386 importuna
813 1337 976 1377 fieret.”
1009 1339 1090 1377 Pro
1122 1350 1147 1387 p
1160 1350 1180 1377 r
1192 1349 1217 1377 a
1229 1349 1251 1377 e
1263 1340 1282 1377 t
1294 1349 1316 1377 e
1329 1349 1357 1377 n
1368 1340 1387 1377 t
1398 1349 1424 1377 a
1454 1339 1547 1387 lege
1577 1349 1603 1387 p
1615 1349 1636 1376 r
1648 1348 1673 1377 a
1685 1348 1707 1376 e
1717 1338 1737 1376 t
1748 1348 1771 1376 e
1783 1347 1826 1376 n-

269 1413 403 1451 tata.
448 1412 516 1451 Sic
544 1404 742 1451 'omnia
781 1414 1149 1461 praetentata
1188 1414 1352 1452 dictum
1395 1413 1476 1462 erit
1507 1423 1556 1452 eo
1588 1423 1719 1452 sensu
1744 1422 1826 1462 quo

269 1489 421 1526 notum
452 1488 555 1526 illud
587 1488 844 1528 ovidianum
858 1499 866 1526 :
903 1519 920 1538 „
930 1490 1083 1528 cuncta
1113 1489 1231 1538 prius
1260 1489 1470 1527 tentata.”

329 1637 403 1687 ΠΙ,
447 1639 486 1687 5,
534 1639 599 1677 10.
641 1639 821 1688 „Facete
857 1639 1012 1687 repetit
1042 1639 1173 1677 verba
1203 1639 1295 1678 eius
1325 1639 1713 1687 interrogationiS.”
1744 1638 1826 1678 Pro

271 1713 753 1761 interrogationis
788 1714 881 1762 lege
913 1714 967 1752 in
998 1714 1468 1762 interrogatione.
1501 1713 1679 1753 Dixerat
1709 1713 1826 1753 enim

271 1787 459 1826 Chaerea
491 1791 569 1834 (vs.
603 1789 755 1835 5—8):

446 1864 527 1902 Sed
558 1865 833 1904 neminemne
865 1865 1080 1903 curiosum
1113 1864 1371 1903 intervenire
1402 1875 1516 1904 nunc
1545 1865 1666 1914 mihi,

445 1938 523 1987 Qui
549 1950 620 1978 me
647 1941 851 1988 sequatur
871 1950 1039 1987 quoquo
1056 1950 1165 1989 eam,
1185 1939 1407 1988 rogitando
1424 1940 1642 1989 obtundat,
1661 1941 1821 1980 enecet.

445 2014 550 2063 Quid
592 2016 778 2063 gestiam
819 2017 895 2054 aut
935 2015 1035 2063 quid
1075 2015 1215 2054 laetus
1256 2015 1353 2064 sim,
1392 2025 1474 2063 quo
1505 2025 1682 2064 pergam
1712 2015 1824 2054 unde

1268 2092 1518 2140 [emergam,
1550 2090 1622 2128 ubi
1653 2090 1764 2129 siem

440 2164 658 2203 Vestitum
699 2164 812 2203 hunc
853 2165 1018 2214 nactus,
1052 2164 1152 2212 quid
1182 2164 1291 2202 mihi
1322 2175 1539 2214 quaeram,
1573 2174 1705 2204 sanus
1736 2164 1821 2203 sim

1377 2241 1502 2285 [anne
1533 2239 1760 2278 insaniam.

320 2315 441 2354 Nunc
472 2315 660 2363 Antipho
692 2316 837 2363 rogat:

438 2389 628 2429 Chaerea
658 2390 758 2438 quid
786 2391 853 2428 est
878 2390 989 2438 quod
1016 2390 1078 2428 sic
1103 2389 1238 2438 gestis
1249 2390 1280 2430 ‘?.
1294 2389 1396 2437 quid
1423 2390 1503 2428 sibi
1534 2390 1604 2428 hic
1634 2390 1820 2430 vestitus

1547 2465 1760 2513 Quaerit?

437 2539 543 2588 Quid
572 2541 654 2589 est,
688 2539 798 2588 quod
829 2539 969 2578 laetus
1001 2539 1079 2578 es?
1109 2538 1209 2586 quid
1240 2538 1318 2576 tibi
1349 2538 1449 2577 vis?
1479 2539 1595 2578 satin
1625 2540 1789 2579 sanus?

317 2616 387 2654 49.
439 2615 584 2664 „Licet
630 2615 787 2653 iocanti
834 2616 877 2653 et
919 2614 1058 2652 amico
1099 2613 1286 2652 officium
1329 2613 1506 2653 iocunde
1547 2614 1729 2654 facere.”
1773 2615 1818 2655 Si

257 2690 516 2728 officium
557 2690 577 2728 f
585 2700 745 2728 acere
786 2689 856 2728 hic
897 2690 985 2728 est:
1027 2689 1219 2727 narranti
1261 2689 1387 2727 alicui
1417 2689 1620 2737 praebere
1652 2699 1813 2739 aurem,

256 2766 364 2804 satis
394 2765 618 2813 perspicua
644 2765 864 2803 annotatio
892 2765 969 2814 est,
999 2764 1229 2802 dummodo
1255 2773 1330 2812 pro
1358 2764 1593 2803 iocunde
1619 2765 1814 2813 legamus

255 2840 550 2879 iocantem.
599 2840 827 2878 Klotziana
874 2838 1192 2878 convicium
1238 2838 1367 2877 habet
1413 2849 1489 2887 pro
1531 2839 1811 2887 officium;

254 2915 307 2953 ad
338 2925 516 2953 sensum
547 2915 813 2953 rectissime:
847 2914 1017 2952 asinum
1050 2913 1165 2951 enim
1198 2912 1433 2952 Chaeream
1459 2914 1647 2962 Antipho
1673 2914 1811 2953 vocat.
