2002 3464
929 351 1011 390 207

180 479 330 519 autem
369 485 557 527 nequam
597 477 665 516 est
706 477 749 515 et
790 476 932 515 callidi
970 477 1320 526 impudentisque
1352 477 1486 516 verba
1517 477 1680 517 domini
1713 478 1756 517 in

181 555 316 596 alium
347 564 527 594 sensum
558 553 823 601 detorquere.

239 706 289 756 V,
322 706 458 756 1,14.
486 705 786 744 Paululum
814 705 1106 752 istorsum]
1140 715 1280 754 „nune
1307 705 1586 745 istorsum
1609 707 1754 746 adver-

179 783 300 823 bium
332 783 401 822 est
430 782 525 832 1001,
559 781 667 821 alias
699 782 902 820 nomen.'’
932 781 1023 831 Qui,
1053 791 1227 832 quaeso,
1257 782 1536 820 istorsum
1562 792 1755 830 unquam

176 869 339 899 nomen
385 868 482 898 esse
527 859 683 908 potest,
732 858 801 897 vel
848 858 1084 907 quidquam
1131 858 1247 897 aliud
1294 869 1425 907 quam
1473 858 1758 898 adverbium?

181 934 510 975 Westerhovius
550 945 625 983 pro
668 935 715 973 is
727 935 746 973 t
758 944 781 973 o
794 945 814 973 r
826 944 847 973 s
859 945 887 974 u
900 945 946 973 m
987 935 1218 983 legendum
1261 936 1409 974 censet
1450 946 1475 984 p
1489 946 1515 974 a
1525 946 1554 974 u
1565 935 1580 974 1
1591 946 1620 974 u
1632 935 1646 974 1
1657 946 1683 974 u
1697 946 1756 985 m,

179 1011 256 1051 sed
295 1010 402 1050 illud
442 1020 666 1059 nunquam
709 1020 806 1049 esse
837 1011 982 1059 potest
1014 1011 1266 1049 adverbium
1298 1011 1392 1050 1001.
1428 1011 1628 1050 Mutilum
1662 1021 1757 1050 esse

179 1086 375 1127 scholion
405 1086 555 1135 opinor
587 1087 630 1125 et
657 1086 720 1125 sio
747 1086 1036 1135 supplendum
1050 1098 1058 1125 :
1091 1086 1164 1136 „is
1176 1087 1195 1125 t
1207 1097 1231 1125 0
1243 1097 1264 1125 1
1276 1097 1297 1125 s
1309 1097 1338 1125 11
1349 1097 1392 1126 m
1423 1097 1478 1126 ex
1505 1087 1552 1126 is
1565 1089 1584 1126 t
1597 1098 1620 1126 o
1648 1098 1675 1126 v
1688 1098 1711 1126 e
1723 1098 1757 1126 r-

162 1169 323 1212 ·sum;
356 1173 472 1203 1111110
502 1163 616 1202 isto
649 1163 902 1202 adverbium
930 1163 1024 1213 1001,
1059 1164 1167 1202 alias
1198 1165 1402 1203 nomen.'’

204 1239 311 1279 23.
340 1239 416 1279 Ex
447 1239 814 1289 aegritudine
846 1239 1115 1278 miseram
1145 1250 1294 1279 mors
1317 1241 1628 1280 consecuta
1654 1241 1756 1286 est]

184 1315 318 1366 „bene
343 1315 595 1355 moderatus
623 1316 702 1364 est,
731 1316 780 1353 111
807 1325 946 1363 neque
973 1315 1105 1354 nimis
1132 1326 1259 1364 aegre
1286 1316 1408 1366 ferat,
1429 1327 1566 1365 neque
1585 1327 1758 1356 rursum

162 1376 346 1443 μἀπαθής
377 1391 478 1430 sit.”
513 1390 616 1440 Quis
643 1391 895 1445 moderatus
923 1392 1021 1430 est?
1048 1392 1160 1430 Nam
1186 1394 1289 1431 sunt
1315 1393 1423 1432 haee
1449 1393 1582 1432 verba
1609 1393 1758 1432 mulie-

179 1468 254 1508 ris.
296 1468 378 1508 Pro
421 1470 508 1509 est
548 1469 780 1518 legendum
822 1479 843 1508 s
857 1479 1018 1508 ermo.
1064 1470 1133 1509 Sic
1163 1470 1368 1509 restituta
1400 1471 1482 1510 erit
1513 1471 1761 1520 frequenter

180 1554 406 1584 recurrens
436 1545 511 1584 illa
542 1545 603 1584 de
634 1545 919 1584 mortibus
952 1546 1187 1585 comicis
1221 1546 1478 1586 observatio.

240 1695 290 1747 V,
334 1698 374 1746 3,
415 1698 468 1737 27
511 1707 574 1745 sq.
614 1697 875 1746 obiurgatus
912 1707 937 1736 a
974 1696 1202 1738 Chremete
1240 1699 1350 1747 quod
1387 1698 1518 1738 fidem
1555 1699 1637 1739 sibi
1674 1710 1760 1739 non

182 1772 340 1812 habeat
370 1772 582 1822 Demipho
614 1774 760 1822 rogat:

435 1832 438 1834 v
989 1849 1072 1888 Vin
1103 1860 1174 1889 me
1206 1851 1287 1890 1100
1319 1852 1524 1891 eredere?

510 1924 594 1963 Vin
625 1925 734 1964 satis
767 1925 1015 1973 quaesitum
1046 1926 1155 1964 mihi
1188 1927 1301 1966 istuc
1333 1929 1461 1967 esse?

182 2001 249 2040 Ad
290 2001 385 2040 vin
421 2000 569 2040 satis
602 2000 926 2049 quaesitum
959 2003 1214 2042 annotatur:
1252 2003 1359 2053 „hoo
1390 2005 1533 2043 totum
1565 2016 1641 2054 pro
1674 2016 1760 2044 una

181 2087 367 2127 persona
398 2077 574 2125 quidam
605 2076 797 2126 legunt.”
831 2077 950 2116 Haeo
981 2088 1189 2126 quorsum
1221 2080 1471 2128 pertinent?

242 2230 292 2282 V,
323 2231 361 2281 7,
392 2231 462 2270 55.
495 2230 722 2280 „Malum
749 2230 1003 2270 adverbium
1021 2234 1088 2271 est
1105 2232 1387 2282 interpositae
1406 2234 1758 2284 indignationis.”

182 2306 451 2346 Vocabulum
477 2307 863 2356 interpositae
891 2309 1141 2357 corruptum
1163 2309 1346 2348 videtur.
1371 2310 1440 2349 An
1455 2310 1566 2350 forte
1593 2311 1758 2350 inter-

182 2383 466 2433 positum?
507 2383 618 2422 Nam
660 2393 882 2432 nunquam
924 2383 1010 2422 ista
1051 2384 1292 2425 interiectio
1334 2387 1541 2427 malum
1571 2388 1759 2437 primam

183 2459 350 2498 obtinet
381 2458 624 2498 sententiae
656 2459 818 2498 sedem.

244 2535 314 2574 69.
367 2535 491 2585 „Ipse
538 2533 740 2574 confitere
782 2535 906 2574 uxori
949 2536 1050 2574 tuae
1093 2537 1205 2584 quod
1248 2538 1479 2589 deliquisti,
1525 2551 1578 2579 ne
1621 2541 1695 2580 illa
1737 2552 1759 2580 e

185 2612 444 2652 Phormione
477 2611 651 2651 audiat”
684 2611 895 2661 Demipho
929 2612 1206 2652 Chremetem
1238 2617 1388 2655 monet

398 2688 535 2738 „Tum
568 2687 683 2727 hunc
714 2688 982 2745 impuratum
1015 2690 1255 2738 poterimus
1288 2693 1435 2731 nostro
1467 2693 1595 2733 modo

355 2746 357 2748 ¹
392 2764 596 2803 Ulcisoi.”

186 2841 283 2880 Sch.
315 2841 520 2880 Nostro
552 2840 710 2879 modo
742 2841 965 2887 ulcisci]
1005 2842 1202 2891 „ingenio
1235 2844 1443 2884 seilicet.”
1477 2847 1602 2886 Haud
1635 2837 1760 2887 dubie

185 2919 385 2966 corrupta
416 2917 522 2956 haec
554 2918 678 2956 sunt:
712 2917 943 2965 requiritur
975 2918 1130 2966 aliquis
1164 2919 1416 2961 infinitivus.
