2002 3464
929 370 984 408 89

170 497 217 535 ut
257 496 445 545 effugere
485 505 572 535 non
611 504 739 544 posse
780 494 862 533 sibi
903 495 1112 545 videatur,
1156 495 1224 534 his
1265 495 1410 534 verbis
1442 495 1486 534 in
1517 496 1740 534 auctorem

166 571 329 612 funesti
357 571 575 617 ,mendacii
605 571 847 610 invehitur:

463 649 549 688 Ubi
580 648 668 688 illic
700 649 799 687 est?
831 649 985 698 scelus,
1020 649 1093 697 qui
1124 659 1196 688 me
1227 649 1425 688 hodie...

165 727 244 767 Est
283 727 364 766 hoc
405 726 579 765 initium
620 735 788 775 scenae,
833 726 901 764 cui
936 725 1324 774 prudentissimam
1355 725 1467 764 hanc
1497 725 1741 774 praemittit

165 802 512 843 observationem
565 801 829 841 Scholiasta:
882 801 1027 851 „Haec
1068 812 1199 841 scena
1240 802 1362 841 cuius
1403 801 1740 850 perturbationis

165 889 262 919 esse
303 879 468 929 debeat,
512 878 646 918 etiam
688 867 829 927 supra
859 879 987 927 poeta
1027 879 1306 929 praestruxit,
1346 889 1446 918 cum
1478 879 1532 918 ad
1564 889 1738 918 consen-

163 955 360 1009 tiendum
390 955 501 995 Davi
532 954 710 994 consilio
742 955 917 994 tardum
949 955 1228 1004 Pamphilum
1259 955 1463 994 faceret.”

170 1078 173 1079 ⁷
222 1031 355 1072 Andr.
396 1042 462 1071 vs.
505 1032 606 1071 642.
650 1031 874 1082 CharinUS,
918 1032 962 1070 in
999 1042 1189 1072 errorem
1231 1033 1433 1072 inductus
1464 1032 1599 1072 stulto
1630 1032 1741 1072 Davi

163 1108 424 1158 commento,
468 1107 558 1147 iam
590 1108 726 1147 credit
756 1118 909 1147 revera
940 1107 1219 1157 Pamphilum
1250 1108 1426 1157 nuptias
1458 1119 1612 1158 cupere
1643 1109 1738 1147 Phi-

161 1172 376 1235 lumenae,
419 1194 552 1233 quam
593 1195 641 1223 se
682 1184 836 1224 ducere
877 1184 990 1224 velle
1032 1184 1104 1223 ille
1136 1185 1434 1224 simulaverat.
1468 1185 1606 1224 Ratus
1639 1196 1739 1235 ergo

162 1260 386 1300 aemulum
417 1261 462 1300 et
490 1259 703 1310 perfidum
734 1260 958 1300 aemulum
986 1271 1082 1299 esse
1109 1272 1239 1310 quem
1265 1262 1485 1301 sincerum
1513 1262 1741 1301 crediderit

162 1337 355 1377 amicum
385 1337 527 1377 multa
557 1337 825 1377 lamentatur
857 1317 908 1377 de
935 1337 1119 1377 fallaciis
1147 1338 1388 1377 hominum.
1417 1338 1610 1377 Tandem
1638 1349 1737 1377 eum

161 1412 416 1462 Pamphilus
447 1413 511 1453 sic
542 1413 796 1462 alloquitur:

281 1488 478 1540 Charine,
521 1490 566 1529 et
606 1500 678 1529 me
716 1490 760 1529 et
791 1491 834 1529 te
866 1490 1130 1540 imprudens,
1165 1489 1250 1529 nisi
1281 1490 1383 1539 quid
1415 1490 1457 1529 di
1488 1490 1736 1541 respiciunt,

1485 1567 1676 1616 [perdidi.

161 1642 215 1682 Et
261 1642 355 1682 ille:
407 1642 568 1693 „Itane,
618 1642 913 1691 imprudens.”
962 1642 1157 1682 Annotat
1204 1643 1469 1682 Scholiasta:
1522 1643 1653 1693 „Mire
1695 1645 1740 1683 et

161 1717 394 1759 artificiose
434 1718 538 1758 fecit
578 1718 856 1767 Pamphilum
892 1718 1080 1767 priorem
1113 1718 1272 1768 alloqui
1304 1720 1358 1758 ad
1388 1719 1738 1768 perfringendam

161 1794 431 1835 iracundiam
457 1793 654 1843 Charini;
683 1794 873 1843 alioquin
899 1794 937 1833 si
957 1795 1073 1844 prior
1089 1795 1316 1855 vociferari
1327 1796 1554 1846 potuisset,
1573 1796 1739 1845 tragica

161 1870 480 1911 exclamatione
520 1880 627 1910 usus
668 1870 852 1910 fuisset”
897 1872 962 1910 et:
1011 1871 1225 1921 „Attende
1256 1872 1337 1911 hoc
1369 1872 1492 1912 illum
1529 1873 1735 1923 repetere,

161 1946 274 1996 quod
316 1946 565 1997 indignatur
604 1947 760 1997 magis,
795 1947 919 1996 quasi
951 1947 1157 1987 audierit:
1191 1948 1543 1999 imprudens,
1578 1950 1621 1988 et
1652 1959 1738 1988 non

161 2023 346 2063 audierit
371 2022 579 2072 reliqua.”
606 2023 891 2062 Rectissime:
921 2022 1133 2063 Charinus
1160 2024 1461 2073 inexspectata
1488 2025 1738 2064 calamitate

132 2133 135 2135 ,
161 2098 362 2150 afflictUS,
406 2099 606 2148 colloquii
648 2099 823 2138 initium
865 2109 951 2139 non
992 2099 1122 2139 faciet
1154 2100 1239 2139 nisi
1269 2100 1415 2140 verbis
1446 2102 1540 2140 tam
1572 2101 1738 2140 acerbis

160 2175 338 2224 tamque
368 2175 508 2225 plenis
540 2175 850 2224 indignationis
881 2177 930 2215 ut
956 2176 1033 2214 vix
1059 2176 1401 2216 adolescentium
1427 2177 1568 2226 gratia
1594 2187 1736 2217 recon-

161 2250 298 2290 ciliari
328 2251 478 2300 possit.
512 2251 636 2291 Nunc
662 2251 877 2301 Pamphili
904 2252 1038 2291 verba
1065 2263 1150 2292 non
1177 2252 1320 2292 solum
1348 2253 1441 2292 eius
1469 2253 1738 2293 iracundiam

161 2327 373 2378 cohibent,
422 2329 497 2367 sed
545 2329 679 2368 etiam
722 2328 775 2368 iis
817 2328 974 2368 finibus
1016 2330 1357 2369 adolescentium
1399 2330 1737 2379 disputationem

162 2403 386 2444 includunt
410 2405 461 2443 ut
486 2404 635 2454 paucis
662 2405 806 2444 verbis
837 2416 1009 2454 „rerum
1027 2406 1227 2445 inscitia'’
1246 2416 1356 2454 quae
1373 2406 1526 2456 fuerat,
1546 2407 1735 2446 tollatur.

220 2490 285 2519 vs.
314 2480 414 2521 819.
442 2479 589 2520 Davus
615 2480 767 2521 fictum
795 2492 820 2521 a
846 2492 893 2521 se
920 2483 1197 2522 mendacium
1225 2484 1276 2522 de
1293 2483 1442 2523 litibus
1459 2484 1737 2533 Pamphilum

161 2556 274 2596 inter
309 2558 352 2596 et
384 2556 632 2606 Glycerium
663 2559 858 2598 narravit
890 2559 1056 2599 Simoni
1088 2560 1304 2609 Pamphili
1334 2561 1460 2610 patri,
1495 2561 1567 2609 qui
1598 2546 1737 2599 filium

160 2642 290 2671 suum
337 2632 492 2672 ducere
537 2633 633 2673 vult
678 2633 922 2674 Chremetis
968 2634 1127 2675 filiam:
1177 2636 1473 2675 simulandum
1516 2637 1632 2676 enim
1670 2639 1738 2676 est

161 2708 388 2757 Pamphilo
430 2719 598 2758 quoque
643 2710 723 2749 has
755 2711 929 2760 nuptias
960 2711 1142 2760 placere.
1178 2712 1316 2751 Simul
1348 2714 1498 2752 tamen
1530 2712 1752 2753 Chremes.

160 2784 441 2824 deterrendus
473 2786 540 2824 est
570 2796 625 2824 ne
655 2785 792 2826 filiam
819 2787 913 2836 det;
943 2788 1036 2826 ideo
1065 2788 1289 2837 Mysidem,
1320 2787 1505 2836 Glycerii
1533 2789 1736 2828 ancillam

161 2860 280 2900 iubet
306 2860 520 2900 Parmeno
547 2861 759 2902 infantem
787 2873 810 2902 e
836 2863 1063 2912 Pamphilo
1091 2864 1243 2902 natum
1272 2865 1373 2902 ante
1401 2863 1590 2903 Simonis
1608 2865 1736 2904 aedes

161 2946 386 2988 apponere.
431 2937 513 2976 Sed
556 2937 684 2977 citius
725 2949 856 2988 quam
895 2940 1174 2989 exspectatus
1207 2940 1275 2978 est
1306 2938 1513 2979 Chremes
1546 2941 1733 2990 advenit,
