2002 3464
911 384 961 422 11

134 509 252 551 ANon
301 510 372 550 hic
411 509 692 559 negligendus
731 510 1026 559 lepidissimus
1070 510 1286 550 Ciceronis
1328 511 1448 550 locus
1491 513 1579 559 (pro
1621 511 1726 550 Fon-

154 583 267 627 teio‘
297 588 322 635 5
378 587 462 636 29),
529 586 603 625 ubi
669 587 720 625 de
787 587 1082 627 Indutiomaro
1146 588 1267 627 Gallo
1324 588 1533 637 legimus:
1597 587 1727 636 „illud

153 663 336 704 verbum
377 662 826 703 consideratissimum
868 664 1042 703 nostrae
1086 664 1411 704 consuetudinis
1453 664 1725 714 arbitror,

154 751 238 791 quo
268 750 348 781 nos
379 739 514 780 etiam
545 741 650 780 tunc
680 740 847 780 utimur
879 751 979 781 cum
1012 752 1063 781 ea
1095 742 1279 781 dicimus
1312 742 1442 781 iurati
1474 751 1583 790 quae
1616 751 1727 780 com-

153 818 277 868 perta
320 817 544 867 habemus,
595 827 703 865 quae
750 817 834 866 ipsi
879 817 1082 867 vidimus,
1128 828 1183 857 ex
1224 819 1315 858 toto
1357 817 1609 857 testimonio
1651 827 1728 856 suo

152 893 332 934 sustulit
364 893 493 943 atque
525 893 672 933 omnia
703 904 750 933 se
776 893 889 933 'scire
917 894 1069 933 dixit.’'
1093 894 1257 934 Urbani
1275 905 1375 944 ergo
1392 893 1607 933 sermonis
1624 893 1729 932 illud

153 970 336 1010 verbum
367 970 446 1020 est,
481 970 556 1009 sed
589 969 871 1010 dubitationis
902 970 1010 1009 nihil
1042 970 1184 1010 habet.

168 1053 170 1055 ’
213 1046 275 1087 De
305 1046 445 1097 primo
477 1047 671 1086 amatore
703 1057 781 1086 suo
813 1047 875 1086 ita
907 1047 1039 1086 Thais
1070 1047 1259 1096 loquitur
1291 1050 1368 1104 (vs.
1407 1048 1488 1086 119
1521 1049 1623 1096 sq‚):

250 1123 346 1173 Ego
378 1133 478 1163 cum
509 1122 595 1175 illo,
635 1133 821 1172 quocum
853 1124 950 1163 tum
980 1134 1066 1163 uno
1104 1134 1197 1162 rem
1230 1124 1444 1163 habebam
1475 1123 1657 1173 hospite,

258 1198 357 1239 Abii
388 1199 484 1250 huc,
519 1199 592 1248 qui
622 1199 733 1238 mihi
764 1199 939 1248 reliquit
969 1200 1077 1239 haec
1108 1210 1217 1248 quae
1249 1200 1386 1240 habeo
1418 1199 1578 1239 omnia.

154 1277 270 1316 Bene
312 1286 360 1316 se
400 1276 641 1326 perspicere
679 1286 810 1325 quam
843 1276 996 1316 callido
1029 1277 1207 1317 consilio
1240 1278 1311 1317 hic
1343 1277 1492 1316 omnia
1522 1275 1732 1338 vocabula

70 1404 71 1407 Ἰ
155 1364 182 1393 a
206 1353 369 1394 Thaide
395 1352 484 1393 sint
506 1352 644 1392 electa
661 1353 986 1402 conquisitaque
1003 1354 1191 1393 testatur
1208 1354 1444 1393 scholiasta
1461 1353 1728 1392 annotando:

158 1429 266 1480 „hoc
295 1429 390 1469 ideo
421 1439 476 1469 ne
506 1430 766 1469 tantundem
797 1429 991 1478 obsequii
1023 1430 1171 1479 exigat
1202 1430 1455 1470 Phaedria.”

160 1562 162 1564 v
214 1507 320 1547 Post
349 1506 457 1547 haec
487 1505 664 1545 Thaidis
695 1506 828 1545 verba
859 1506 1079 1546 exclamat
1110 1506 1323 1546 Parmeno
1357 1508 1435 1553 (vs.
1474 1507 1595 1552 121);

541 1582 787 1631 Utrumque
818 1582 907 1622 hoc.
930 1582 1158 1622 falsumst:
1194 1582 1348 1622 ecssuet

156 1660 200 1700 et
230 1660 408 1709 rogatus
441 1669 516 1699 cur
545 1659 627 1698 hoc
659 1659 774 1699 dicat
804 1660 1056 1708 respondet:

273 1735 422 1785 Neque
453 1737 503 1775 tu
532 1745 618 1775 uno
651 1746 748 1775 eras
780 1736 984 1776 contenta
1015 1746 1153 1784 neque
1187 1736 1306 1776 solus
1339 1736 1477 1775 dedit:

275 1795 388 1851 Nam
414 1811 485 1851 hic
514 1821 681 1860 quoque
708 1812 869 1851 bonam
895 1794 1188 1861 magnamcjue
1220 1813 1391 1861 partem
1419 1811 1472 1850 ad
1498 1812 1543 1850 te
1561 1811 1730 1851 adtulit.

156 1889 355 1929 Notanda
394 1888 595 1938 loquendi
635 1888 811 1927 ubertas
853 1899 962 1937 quae
1004 1889 1072 1927 est
1113 1889 1157 1927 in
1188 1889 1334 1928 verbis
1364 1889 1564 1927 bonam
1595 1898 1731 1936 mag-

155 1975 394 2014 namque
424 1965 656 2015 partem.
691 1964 761 2004 Sic
787 1975 964 2004 servum
990 1965 1107 2014 loqui
1133 1965 1256 2004 decet
1283 1965 1355 2014 qui
1382 1964 1494 2004 sciat
1520 1964 1732 2013 quomodo

156 2041 333 2082 Thaidis
365 2051 497 2082 causa
526 2041 709 2091 pecunia
739 2042 871 2081 suerit
903 2042 1187 2091 corradenda;
1221 2042 1344 2092 sciat,
1375 2041 1565 2091 inquam,
1596 2040 1732 2079 immo

157 2119 363 2168 expertus
394 2117 475 2157 sit:
503 2128 634 2157 suum
662 2118 780 2157 enim
808 2118 1061 2158 defraudare
1088 2118 1266 2168 genium
1293 2128 1393 2158 eum
1421 2117 1562 2166 coegit
1588 2117 1730 2166 herus,

156 2205 259 2244 prae
291 2193 454 2234 Thaide
485 2204 639 2234 omnes
670 2194 908 2244 negligens.

217 2270 413 2311 Profecto
445 2270 490 2310 in
522 2270 694 2311 Cariam
727 2271 882 2321 milite,
917 2271 1050 2311 Thais
1082 2271 1144 2310 ait
1177 2273 1254 2318 (vs.
1293 2272 1374 2310 126
1408 2273 1538 2319 sqq.):

959 2350 1003 2388 te
1036 2349 1203 2388 interea
1234 2348 1317 2387 loci

337 2422 539 2474 Cognovi.
573 2423 683 2464 Tute
715 2424 801 2464 scis
834 2424 1008 2474 postilla
1041 2435 1171 2473 quam
1203 2425 1423 2463 intumum

337 2500 534 2558 Habeam
566 2502 610 2540 te
642 2502 686 2541 et
716 2511 817 2541 mea
848 2501 1027 2541 consilia
1058 2502 1107 2540 ut
1138 2501 1216 2540 tibi
1249 2501 1421 2540 credam
1454 2501 1612 2540 omnia.

159 2577 354 2618 Annotat
385 2577 648 2617 Scholiasta:
687 2577 897 2627 „oratorie
929 2577 1117 2627 priorem
1145 2578 1388 2617 amatorem
1414 2577 1519 2617 facit
1545 2577 1733 2616 militem

160 2663 292 2703 quam
317 2653 588 2693 Phaedriam.
617 2653 730 2693 Nam
756 2653 972 2703 posterius
1001 2653 1104 2694 dicit
1120 2654 1235 2694 hunc
1253 2654 1474 2703 cognitum
1492 2664 1567 2703 per
1585 2653 1731 2692 absen-
1756 2710 1759 2713 Ι

159 2730 269 2770 tiam
300 2729 468 2770 militis.
502 2730 611 2780 Ergo
643 2741 743 2770 cum
774 2730 906 2770 militi
938 2731 1149 2770 Phaedria
1181 2731 1331 2770 rivalis
1358 2731 1643 2780 superductus
1661 2730 1730 2780 sit,

160 2816 428 2855 consequens
455 2807 523 2845 est
547 2808 597 2846 ut
623 2805 751 2846 miles
779 2807 900 2856 queri
928 2806 1133 2856 debuerit,
1164 2811 1250 2846 non
1266 2807 1519 2847 Phaedria'’.
1538 2807 1729 2856 Egregie,

159 2883 209 2922 ut
250 2882 411 2931 opinor.
455 2882 548 2922 Hoc
590 2883 706 2922 enim
750 2884 817 2922 est
848 2883 958 2932 quod
991 2883 1081 2922 fore
1113 2883 1387 2932 praedixerat
1419 2885 1496 2929 (vs.
1533 2883 1601 2929 70)
1635 2883 1732 2922 Par-

161 2969 311 2999 meno:
349 2959 418 3008 „te
450 2958 563 2998 ultro
590 2959 852 2999 accusabit.”
880 2959 1027 3008 Neque
1054 2959 1201 2998 minus
1228 2959 1296 2998 est
1320 2969 1424 2998 vera
1451 2959 1504 2999 ad
1529 2969 1594 2998 vs.
1627 2959 1733 2998 128:
