2002 3464
871 378 951 417 131

124 511 226 543 cum
270 503 572 544 Westerhovio
601 503 848 552 ,legendum
896 503 1208 543 communis
1249 513 1324 552 pro
1367 503 1692 541 commissa:

124 591 211 620 non
236 581 354 620 enim
381 579 580 620 credibile
606 560 674 619 est
691 581 995 619 commissa
1021 580 1091 619 hic
1116 579 1274 618 habere
1295 583 1365 617 τοῦ
1383 579 1696 618 communis

124 655 498 706 significationem,
531 666 616 705 qua
646 657 794 705 utique
827 667 934 706 opus
966 658 1045 697 est.

184 732 254 772 94.
286 732 357 772 Ut
387 732 467 772 nil
499 734 684 781 supra]
723 733 922 782 „Ellipsis
954 732 1235 781 Terentiana;
1268 742 1372 771 nam
1403 742 1489 771 non
1520 741 1698 770 necesse

124 809 195 848 est
232 808 490 857 subiungere
515 808 622 847 duos
653 809 850 847 versus.'’
883 808 1220 848 Efficiendumne
1251 808 1352 847 hinc
1383 818 1535 847 revera
1565 807 1699 846 fuisse

124 884 324 926 homines
359 885 464 924 adeo
495 885 704 934 stupidoS,
739 885 811 933 qui
843 885 1044 924 lacunam
1076 885 1147 924 1110
1178 886 1423 934 statuerint,
1458 895 1588 932 quam
1621 893 1699 922 suo

125 960 261 1000 Marte
302 961 603 1010 expleverint?
645 961 756 1000 Nam
799 962 911 1010 quod
952 961 1282 1000 Westerhovius
1323 961 1522 1010 proponit
1563 961 1700 999 duas

123 1045 292 1076 voces
333 1036 468 1083 (velut
509 1037 621 1076 dici
663 1038 844 1085 queat)
888 1037 1069 1076 minime
1111 1038 1264 1086 placet.
1310 1038 1354 1076 Si
1386 1037 1503 1076 enim
1535 1037 1699 1086 ellipsis

125 1103 205 1163 est,
236 1113 480 1152 necessario
513 1113 726 1161 quaedam
757 1113 967 1152 vocabula
998 1115 1101 1152 sunt
1131 1114 1440 1162 subiungenda.

171 1189 285 1229 ⁷121.
316 1188 388 1228 Ut
418 1189 511 1239 qui
542 1199 599 1228 se
632 1191 814 1238 neget]
852 1190 1083 1239 „Probavit
1114 1190 1225 1238 quod
1254 1200 1340 1229 non
1366 1190 1539 1229 volebat
1566 1198 1702 1228 senex

125 1265 296 1307 Sosiae:
339 1265 477 1306 adhuc
519 1267 718 1315 superest
758 1267 807 1305 ut
838 1267 1040 1305 ostendat
1071 1267 1182 1315 quod
1214 1276 1300 1305 non
1332 1266 1389 1305 sit
1427 1265 1701 1305 irascendum

125 1341 228 1391 quin
267 1341 382 1382 iuste
423 1342 678 1382 irascatur.”
722 1342 898 1381 Minime
940 1343 1156 1382 assentior
1196 1343 1500 1382 Westerhovio
1531 1342 1701 1382 variam

123 1417 355 1458 lectionem
402 1418 711 1458 iracundus
758 1419 850 1467 qui
898 1421 987 1468 (pro
1029 1419 1391 1459 irascendum
1433 1419 1578 1467 quin)
1611 1429 1701 1467 pro-

123 1495 268 1536 bant-i:
300 1495 408 1535 haec
439 1495 557 1535 enim
589 1495 903 1535 demonstratio
931 1507 956 1535 a
982 1497 1101 1535 senis
1128 1496 1305 1535 consilio
1333 1496 1460 1545 plane
1487 1495 1700 1544 abhorret,

124 1571 345 1621 totiusque
385 1572 538 1612 scholii
578 1572 686 1611 haec
727 1574 795 1612 est
835 1573 1076 1612 sententia:
1124 1573 1334 1623 „alteram
1366 1573 1536 1622 partem
1568 1581 1704 1610 senex

126 1640 314 1688 absolvit
339 1648 614 1698 perfecitque,
642 1659 757 1688 nunc
783 1649 836 1688 ad
863 1649 1047 1688 alteram
1071 1650 1273 1688 transit.'’
1293 1649 1376 1688 Sed
1392 1648 1534 1698 prima
1550 1647 1703 1686 scholii

126 1725 259 1765 verba
289 1727 490 1775 corrupta
521 1726 637 1775 puto,
671 1736 831 1774 proque
862 1726 1129 1774 probavit
1161 1726 1300 1774 quod
1333 1735 1439 1764 non
1470 1724 1704 1763 volebat

125 1801 357 1851 legendum
397 1801 660 1847 narravit
701 1802 842 1850 quod
883 1801 1126 1845 volebat,
1170 1802 1238 1840 Ita
1280 1802 1397 1840 enim
1434 1801 1546 1839 hanc
1578 1800 1702 1839 habe-

125 1877 271 1918 bimus
302 1878 651 1918 annotationem:
680 1888 731 1917 ea
756 1888 857 1927 pars
886 1878 1097 1928 colloquii,
1128 1878 1171 1917 in
1198 1867 1293 1927 qua
1309 1888 1378 1917 res
1405 1878 1554 1926 gestae
1582 1877 1706 1915 erant

126 1954 378 2005 narrandae,
407 1953 540 1993 finem
568 1954 656 1994 13111
683 1954 835 2003 habet;
864 1956 1063 2003 superest
1089 1956 1138 1994 ut
1154 1965 1290 1994 senex
1308 1954 1456 1993 Sosiae
1474 1952 1703 1992 consilium

127 2040 257 2070 suum
297 2030 460 2080 probet,
504 2030 628 2079 eique
668 2031 927 2079 persuadeat
968 2031 1201 2080 prudenter
1241 2041 1289 2070 se
1322 2041 1448 2080 agere
1481 2029 1553 2077 qui
1586 2028 1706 2077 prius

127 2107 258 2147 irasci
287 2106 396 2147 nolit
427 2117 558 2156 quam
590 2108 753 2147 iustam
785 2108 998 2147 irascendi
1031 2118 1210 2147 causam
1240 2109 1396 2147 nactus
1427 2107 1498 2146 sit.

191 2183 288 2223 127.
329 2182 592 2223 Relictus
635 2185 723 2223 est
764 2184 1105 2233 obiurgandi
1147 2185 1322 2231 locus]
1366 2184 1496 2234 „Mire
1529 2182 1704 2222 obiur-

127 2259 315 2309 gandi:
347 2261 574 2309 tamquam
601 2261 804 2299 incensus
830 2262 953 2310 pater
980 2260 1024 2300 in
1050 2259 1189 2300 filium
1216 2261 1477 2300 videretur.’'
1497 2259 1706 2308 Corrupta

127 2336 234 2378 haec
279 2337 382 2376 sunt
427 2337 556 2386 atque
603 2337 664 2375 ita
711 2337 980 2376 emendanda
1020 2338 1070 2376 ut
1110 2338 1226 2376 recte
1269 2338 1452 2386 apteque
1493 2336 1706 2375 addantur

127 2411 282 2452 verba:
329 2411 467 2462 „Nam
509 2422 640 2462 supra
671 2414 917 2452 commotus
947 2413 1045 2462 plus
1076 2424 1152 2463 per
1184 2411 1460 2464 ἀποσιώπησιν
1493 2410 1703 2461 significa-

130 2488 294 2538 verat‚”
337 2487 491 2536 quibus
532 2488 680 2528 Sosiae
720 2489 852 2528 verba
895 2490 1034 2536 (122):
1078 2489 1194 2529 Non
1235 2491 1293 2529 tu
1325 2489 1404 2528 ibi
1442 2487 1705 2538 gnatum?

128 2563 440 2614 respiciuntur;
472 2565 760 2614 quoniamque
792 2565 866 2605 illa
898 2563 1172 2617 ἀποσιώπησις
1205 2567 1527 2615 haud-parvam
1554 2564 1706 2603 habuit
1724 2554 1734 2560 ⁸

129 2641 424 2691 acerbitatem,
468 2641 549 2681 hoc
589 2642 677 2682 fere
719 2643 871 2682 scholii
915 2653 1011 2682 esse
1053 2644 1179 2683 debet
1220 2643 1417 2683 initium:
1467 2642 1596 2692 „Mire
1629 2641 1704 2680 ob-

129 2717 290 2766 iurga
301 2727 329 2756 11
341 2717 367 2756 d
380 2717 416 2755 i:
443 2718 670 2766 tamquam
686 2719 775 2758 iam
792 2719 1020 2769 mitigatus
1038 2720 1081 2758 in
1098 2720 1268 2769 patroni
1284 2719 1424 2758 filium
1441 2717 1702 2758 videretur.'’
1758 2754 1761 2758 ,

128 2792 241 2832 Ν3111
266 2793 371 2832 011111
397 2803 498 2842 prae
524 2794 817 2842 indignatione
846 2795 992 2835 Sosias
1019 2796 1119 2844 quid
1146 2796 1307 2835 diceret
1328 2806 1414 2834 non
1431 2793 1703 2840 inveniebat;

129 2879 244 2908 nunc
270 2879 356 2908 non
382 2869 524 2908 solum
551 2868 717 2918 perficit
743 2871 1139 2921 interrogationem,
1169 2872 1244 2910 sed
1273 2872 1406 2910 etiam
1434 2871 1478 2909 in
1500 2880 1551 2909 ea
1567 2869 1705 2908 utitur

130 2944 382 2994 obiurgandi
414 2945 545 2984 verbo
572 2945 681 2984 satis
713 2946 813 2986 leni.
