2002 3464
974 382 1056 420 231

229 507 416 547 adiutus.
459 507 539 557 Qui
581 508 697 546 enim
739 508 942 546 libertum
984 506 1160 546 finxerit
1196 507 1329 546 etiam
1361 508 1593 556 patronum
1625 506 1805 547 finxisse

229 584 470 623 censendus
516 585 595 633 est,
645 584 841 632 aliusque
887 584 970 623 fuit
1015 583 1231 623 sermonis
1278 584 1371 623 eius
1418 584 1544 634 color,
1589 595 1718 633 quem
1761 585 1805 623 in

227 659 450 700 Perinthia
491 670 591 700 cum
621 670 757 699 uxore
789 660 940 699 habuit
970 670 1118 710 senex,
1152 661 1282 708 atque
1302 648 1442 700 vhuius
1475 662 1553 710 est,
1588 661 1661 709 qui
1692 660 1805 700 inter

226 737 458 786 patronum
489 737 672 776 habetur
703 737 992 786 libertumque
1013 732 1054 783 ¹).

286 813 434 853 Unum
475 814 610 853 etiam
652 814 760 853 addo
803 814 926 864 quod,
970 815 1020 853 ut
1051 814 1212 863 opinor,
1247 814 1506 852 documento
1539 823 1634 852 esse
1667 814 1806 863 possit

226 889 466 939 indicioque
507 900 594 929 non
630 891 898 930 imitatorem
930 891 1000 930 hic
1031 891 1166 930 fuisse
1199 890 1451 929 Terentium
1483 891 1643 930 nedum
1676 891 1803 930 inter-

225 967 405 1017 pretem,
450 967 645 1015 quodque
682 967 787 1006 illud
820 967 978 1006 melius
1010 967 1144 1006 etiam
1177 977 1308 1015 quam
1341 967 1484 1006 cetera
1516 967 1663 1006 omnia
1695 977 1804 1015 quae

224 1042 340 1082 dicta
370 1043 592 1091 hucusque
623 1045 727 1083 sunt
758 1044 922 1083 doceat.
957 1043 1037 1093 Qui
1064 1043 1181 1082 enim
1208 1044 1260 1082 de
1289 1043 1450 1083 Graeco
1477 1043 1630 1082 Latine
1657 1044 1802 1094 vertit,

223 1101 315 1159 vel'
335 1119 549 1159 Graecum
591 1120 815 1169 exemplar
855 1121 1008 1159 Latine
1050 1120 1214 1159 imitari
1247 1121 1438 1170 conatur,
1473 1120 1523 1170 is,
1558 1121 1607 1159 ut
1638 1120 1802 1170 opinor,

224 1207 400 1246 operam
442 1197 561 1236 dabit
600 1198 650 1236 ut
691 1198 839 1236 omnia
879 1197 969 1236 sint
1010 1207 1142 1245 quam
1175 1196 1402 1235 levissima
1432 1196 1802 1246 politissimaque;

223 1273 407 1322 singulis
442 1273 665 1313 vocabulis
697 1273 927 1312 elimandis
959 1274 1155 1311 mentem
1188 1273 1418 1321 oculosque
1451 1273 1580 1313 anxie
1612 1273 1803 1313 intentos

222 1349 409 1400 habebit,
452 1361 538 1390 non
578 1350 768 1399 patietur
799 1350 1034 1398 quidquam
1066 1350 1231 1388 restare
1263 1349 1405 1398 asperi
1435 1350 1704 1399 horridique:
1733 1351 1803 1390 hic

222 1427 353 1477 enim,
387 1427 458 1467 hic
488 1428 642 1466 unicus
674 1427 794 1466 100115
827 1428 894 1466 est
921 1427 992 1466 ubi
1020 1427 1127 1466 artis
1153 1427 1419 1476 peritiaeque
1446 1437 1551 1466 suae
1578 1428 1651 1467 det
1677 1428 1800 1467 docu-

221 1504 435 1543 mentum.
478 1503 538 1543 At
579 1503 701 1543 cuius
743 1504 812 1542 est
852 1503 1058 1553 inventio,
1103 1503 1141 1542 is
1183 1503 1473 1543 elocutionem
1509 1514 1596 1543 non
1627 1504 1802 1552 quidem

220 1579 412 1630 negliget
453 1581 528 1620 sed
569 1581 718 1619 mente
759 1580 956 1619 liberiore
998 1580 1043 1619 in
1085 1590 1136 1619 ea
1177 1580 1444 1629 versabitur3
1487 1580 1569 1620 1100
1611 1581 1728 1620 0111111
1763 1581 1802 1620 01

220 1658 290 1697 051,
333 1657 591 1707 primarium
637 1658 687 1696 ut
732 1657 960 1696 inventum
1007 1667 1137 1696 suum
1183 1658 1326 1706 ipsam
1371 1657 1532 1697 referat
1564 1659 1798 1711 ¹naturam;

221 1742 414 1783 quosque
443 1733 516 1772 ille
547 1733 748 1773 homines
778 1733 1006 1781 loquentes
1038 1733 1366 1783 disputantesve
1393 1734 1569 1784 inducit,
1598 1735 1648 1773 ut
1674 1745 1800 1774 veros

220 1819 425 1849 verorum
455 1809 685 1849 hominum
716 1809 905 1848 habeant
935 1820 1081 1849 mores
1113 1810 1421 1859 ingeniumque
1450 1812 1579 1859 atque
1606 1811 1800 1850 moribus

219 1885 306 1926 illis
347 1885 604 1935 ingenioque
646 1886 952 1925 convenienter
993 1886 1236 1936 loquantur,
1270 1887 1351 1926 hoc
1383 1887 1607 1937 spectabit,
1642 1887 1687 1926 in
1718 1888 1800 1928 hoc

219 1973 267 2003 se
308 1962 528 2003 exercebit
568 1963 620 2002 de
661 1962 817 2002 ceteris
859 1963 1061 2002 omnibus
1102 1945 1306 2003 securior.
1350 1964 1418 2003 Ita
1459 1964 1597 2004 oratio
1645 1965 1801 2004 evadet

217 2039 335 2079 vitae
377 2038 551 2087 quidem
592 2029 863 2088 plenissima
888 2039 963 2078 sed
1005 2049 1092 2078 non
1129 2039 1258 2078 anxie
1290 2040 1344 2079 ad
1374 2051 1576 2080 normam
1608 2041 1799 2090 aliquam

218 2114 555 2166 grammaticam
581 2116 737 2154 exacta
763 2116 892 2164 atque
920 2115 1105 2164 directa3
1134 2116 1250 2155 haud
1275 2127 1413 2165 pauca
1439 2117 1484 2156 in
1506 2127 1557 2156 ea
1573 2118 1801 2157 restabunt

218 2191 545 2241 horridiuscula,
589 2191 767 2242 hiantia,
811 2191 1113 2240 discrepantia.
1157 2192 1299 2241 Atque
1343 2203 1398 2232 ex
1430 2193 1511 2232 hoc
1542 2204 1698 2242 genere
1730 2195 1798 2234 ad-

218 2267 399 2307 modum
424 2267 588 2307 multos
613 2278 776 2307 naevos
802 2268 847 2307 in
873 2268 968 2317 ipsa
994 2268 1075 2307 hac
1101 2270 1223 2317 parte
1250 2269 1439 2308 Andriae
1456 2270 1796 2321 observabimUS,

218 2355 306 2385 non
347 2345 445 2384 illos
486 2345 659 2394 quidem
701 2345 773 2394 qui
810 2345 1006 2385 dedecori
1038 2345 1078 2385 ei
1109 2346 1198 2385 sint
1229 2347 1305 2385 sed
1337 2347 1409 2395 qui
1440 2347 1564 2387 nobis
1595 2348 1677 2387 hoc
1707 2358 1797 2397 per-

258 2589 278 2622 ¹)
304 2587 443 2617 Minime
468 2588 524 2618 1110
551 2588 786 2625 negligendum
815 2590 902 2625 quod
931 2591 966 2619 in
994 2591 1068 2620 vita
1098 2591 1243 2620 Terentii
1269 2591 1395 2627 legitur
1414 2591 1454 2621 de
1473 2591 1627 2622 Terentio
1646 2592 1797 2622 fabulam

217 2641 380 2671 recitante
399 2641 539 2671 Caecilio
559 2642 594 2672 01,
617 2644 695 2678 post
711 2651 836 2680 paucos
854 2651 974 2674 versus
992 2643 1160 2680 placente:
1714 2639 1723 2645 “

253 2693 434 2731 „Andriam
469 2701 572 2729 quum
603 2695 767 2725 aedilibus
795 2696 898 2734 daret,
928 2697 1043 2726 iussus
1072 2699 1151 2727 ante
1180 2697 1320 2727 Caecilio
1349 2698 1498 2733 recitare,
1528 2697 1570 2727 ad
1600 2699 1797 2728 coenantem

216 2753 320 2782 quum
347 2746 507 2782 venisset,
533 2746 642 2776 dictus
663 2748 717 2777 est
735 2748 873 2778 initium
892 2748 1027 2784 quidem
1045 2749 1187 2784 fabulae,
1207 2749 1294 2784 quod
1311 2750 1384 2778 erat
1401 2749 1642 2785 contemptiore
1659 2750 1788 2780 vestitu
1847 2759 1849 2763 ¹

216 2798 376 2830 subsellio
403 2799 501 2829 iuxta
527 2800 689 2830 lectulum
716 2802 868 2832 residens
895 2802 1030 2838 legisse:
1062 2803 1139 2838 post
1167 2810 1291 2838 paucos
1319 2809 1399 2831 vero
1422 2809 1542 2832 versus
1560 2802 1738 2840 invitatus,
1759 2805 1801 2833 ut

215 2852 434 2889 accumberet,
462 2859 620 2882 coenasse
648 2861 724 2888 una,
752 2854 870 2884 deinde
898 2856 1008 2884 cetera
1036 2855 1240 2891 percurrisse
1268 2863 1336 2884 non
1356 2856 1429 2885 sine
1447 2862 1573 2891 magna
1591 2855 1723 2885 Caecilii
1743 2857 1797 2885 ad-

214 2904 422 2934 miratione.”
450 2905 692 2935 Admirabatur
720 2909 833 2937 autem
865 2915 967 2936 senex
995 2909 1103 2943 poeta,
1133 2914 1277 2943 magnae
1306 2908 1340 2936 in
1368 2908 1503 2937 theatro
1527 2908 1645 2944 famae,
1665 2908 1796 2938 felicem

217 2957 441 2988 adolescentis
458 2957 644 2987 audaciam.
