2002 3464
921 388 946 424 9

149 511 321 553 Cariam
347 511 536 562 profecto
554 511 759 561 narravit,
780 512 842 550 sic
859 512 1116 550 Phaedriam
1135 512 1367 559 alloquitur
1385 515 1462 557 (vs.
1486 513 1567 551 126
1586 516 1692 561 sqq.)
1708 524 1716 551 :

976 598 1019 635 te
1053 596 1218 635 interea
1249 596 1330 635 loci

356 671 557 722 Cognovi.
592 672 702 712 Tute
733 672 820 711 scis
851 672 1025 721 postilla
1056 683 1187 721 quam
1220 673 1439 712 intumum

335 747 552 788 'Habeam
584 750 628 788 te
660 750 704 788 et
734 759 835 788 mea
867 748 1046 788 consilia
1076 731 1235 788 uttibi
1268 750 1440 788 credam
1473 750 1631 789 omnia.

148 832 231 875 Hic
261 843 360 874 eam
391 833 638 883 interpellat
670 834 905 873 Parmeno:

328 917 333 922 ’
519 926 581 966 Ne
612 927 694 966 hoc
725 927 899 976 quidem
931 927 1094 966 tacebit
1126 927 1350 966 Parmeno,

119 1007 309 1078 ‘Quibus
338 1019 483 1060 verbis
515 1019 675 1059 auditis
707 1019 861 1058 Thais:

823 1113 888 1153 Oh
920 1113 1155 1152 dubiumne
1188 1113 1229 1152 id
1262 1114 1361 1152 est?

518 1189 611 1229 Hoc
643 1189 758 1238 agite
791 1190 1019 1229 amabo...

146 1282 259 1323 Tum
283 1292 460 1322 narrare
491 1281 643 1332 pergit.
678 1282 748 1321 Sic
779 1281 897 1321 enim
930 1282 973 1320 in
1005 1282 1315 1321 recentioribus
1342 1281 1500 1330 legitur
1527 1283 1719 1322 editioni·

145 1358 226 1398 bus
267 1359 343 1399 aut
383 1357 584 1398 omnibus
627 1359 702 1397 aut
744 1360 859 1397 certe
901 1358 1142 1408 permultis.
1178 1358 1315 1408 Quam
1347 1369 1560 1408 perverse,
1597 1360 1721 1399 docet

148 1435 392 1477 Scholiasta
433 1434 591 1484 duplici
634 1435 686 1474 ad
728 1445 793 1474 vs.
832 1435 914 1474 130
949 1435 1250 1474 annotatione:
1288 1435 1426 1485 „Hoc
1458 1436 1612 1484 agite
1645 1447 1719 1485 pro

141 1511 349 1566 :adverbio
390 1511 662 1561 corripientis
703 1513 771 1551 est
811 1511 1003 1561 positum
1046 1513 1122 1551 aut
1163 1513 1278 1551 certe
1313 1521 1388 1561 pro
1421 1512 1720 1552 adhortatione

78 1598 81 1602 ·
147 1588 392 1629 audientiae
422 1588 732 1639 praebendae.”
764 1588 810 1635 (Ρ
822 1599 843 1627 r
855 1599 879 1627 o
912 1599 938 1627 a
949 1589 974 1627 d
986 1599 1014 1627 v
1027 1598 1050 1627 e
1061 1599 1082 1626 r
1093 1588 1119 1626 b
1132 1588 1181 1627 io
1215 1589 1363 1627 autem
1396 1589 1439 1627 et
1471 1598 1496 1627 a
1508 1589 1533 1627 d
1545 1599 1573 1627 v
1586 1599 1609 1627 e
1621 1599 1641 1628 r
1651 1589 1677 1627 b
1691 1588 1719 1626 i-

112 1679 114 1681 ·
147 1665 322 1725 alite-r
347 1665 419 1705 ille
445 1665 561 1716 dicit,
589 1667 662 1705 ubi
690 1667 741 1705 de
769 1668 887 1705 certa
914 1667 1100 1715 quadam
1127 1666 1328 1715 loquendi
1344 1666 1532 1706 formula
1549 1667 1719 1716 agitur).

145 1741 201 1782 Et
239 1741 399 1781 melius
441 1741 598 1781 etiam:
647 1743 773 1792 „hoc
815 1743 969 1792 agite
1012 1743 1053 1781 id
1098 1744 1176 1801 est,
1213 1743 1317 1782 illud
1350 1743 1533 1782 desinite
1566 1744 1610 1782 et
1640 1744 1721 1782 hoc

147 1817 400 1857 attendite&
434 1818 502 1858 Ita
533 1820 622 1857 est:
656 1819 853 1867 ineptum
885 1819 1002 1858 enirn
1035 1820 1103 1858 est
1134 1819 1296 1859 dicere:
1330 1819 1437 1869 „hoc
1464 1819 1607 1868 agite''
1636 1819 1721 1858 nisi

76 1903 89 1909 ²
147 1892 202 1933 iis
231 1893 436 1942 qui.cum
466 1894 662 1933 maxime
690 1895 838 1934 alias
865 1905 954 1934 res
982 1896 1127 1944 agunt,
1158 1896 1201 1934 et
1228 1895 1299 1943 qui
1327 1895 1413 1934 illis
1440 1895 1584 1934 verbis
1614 1896 1722 1945 „hoc

147 1969 290 2019 agite’'
303 1991 306 1993 -
319 1969 485 2019 aliquos
507 1970 751 2021 alloquitur,
773 1972 824 2010 ab
848 1971 901 2010 iis
918 1972 1023 2011 facit
1040 1972 1283 2020 alloquendi
1301 1971 1498 2019 initium;
1517 1971 1718 2021 praemit-

145 2047 237 2086 tere
263 2045 371 2086 nihil
397 2047 552 2096 potest.
582 2047 842 2087 Rectissime
871 2059 970 2097 ergo
999 2048 1103 2087 olim
1121 2048 1183 2087 ita
1200 2048 1406 2087 edebatur
1421 2049 1554 2097 locus,
1575 2058 1718 2096 quem-

145 2123 378 2163 admodum
421 2124 465 2162 et
506 2133 531 2162 a
571 2123 813 2163 Scholiasta
844 2125 983 2163 lectus
1014 2125 1108 2175 fuit,
1143 2126 1192 2164 ut
1223 2124 1504 2164 Phaedria
1535 2121 1718 2164 diceret:

88 2186 90 2188 θ
149 2209 229 2250 „ne
269 2199 350 2239 hoc
387 2199 560 2248 quidem
593 2200 754 2240 tacebit
785 2201 1040 2251 Parmeno”‚
1074 2202 1170 2240 tum
1204 2201 1497 2240 Parmeno:
1535 2202 1616 2250 „oh
1648 2201 1719 2240 du-

82 2308 89 2325 ,
143 2276 321 2317 biumne
378 2276 419 2316 id
476 2277 602 2316 est?”
661 2277 757 2316 Iure
804 2288 919 2316 nunc
965 2278 1117 2317 ambos
1165 2278 1228 2317 sic
1275 2277 1518 2326 corripit
1565 2277 1718 2316 Thais:

97 2391 103 2399 ,
150 2353 256 2403 „hoc
301 2353 417 2403 agite
449 2353 656 2393 amabo”:
696 2363 796 2393 cum
829 2354 945 2392 enim
979 2354 1032 2392 iis
1064 2354 1194 2393 fuerit
1227 2354 1574 2404 auscultandum,
1609 2354 1721 2393 inter

140 2432 194 2469 vse
235 2429 418 2479 colloqui
459 2430 503 2469 et
535 2429 682 2469 alias
723 2440 812 2469 res
845 2440 1009 2479 agere
1042 2432 1286 2480 coeperunt.
1322 2431 1464 2479 Atque
1496 2430 1721 2469 sciendum

145 2505 216 2545 hic
257 2506 323 2545 est
364 2516 446 2555 quo
487 2506 616 2545 modo
658 2516 795 2556 pauca
836 2505 910 2545 illa
952 2506 1085 2546 verba
1127 2507 1179 2546 ab
1222 2508 1404 2555 utroque
1436 2506 1597 2546 fuerint
1629 2510 1729 2556 pros

145 2581 357 2622 nuntiata.
391 2581 500 2622 Cum
532 2582 698 2631 gemitu
731 2593 830 2631 ergo
864 2583 907 2621 et
939 2583 1062 2631 quasi
1094 2583 1328 2622 lacrimans
1356 2583 1567 2622 Phaedria
1594 2583 1718 2622 dicit:

150 2667 230 2708 „ne
270 2657 352 2698 hoc
392 2659 566 2707 quidem
608 2659 770 2699 tacebit
810 2659 1066 2710 Parmeno”‚
1111 2661 1207 2699 tum
1249 2660 1485 2700 Parmeno:
1533 2660 1611 2709 „ob
1649 2660 1719 2698 du·
1753 2709 1756 2713 Δ

144 2733 322 2773 biumne
353 2733 395 2773 id
427 2720 494 2774 est
505 2735 554 2774 ‘?”
584 2734 699 2785 Quae
727 2734 1019 2775 dissimulatio
1047 2737 1259 2784 quantum
1286 2736 1444 2775 habeat
1471 2735 1720 2775 acerbitatis

145 2809 228 2849 dici
259 2809 337 2848 vix
366 2811 522 2859 potest.

137 2938 143 2943 ᾖ
205 2886 550 2926 Prudentissime
577 2887 914 2937 acutissimeque
942 2888 1145 2928 observat
1172 2883 1414 2928 Scholiasta
1439 2889 1533 2927 tam
1551 2889 1720 2927 certum

148 2973 244 3018 esse
305 2963 472 3012 sibique
519 2965 716 3003 constare
762 2964 1058 3003 meretricium
1105 2974 1364 3015 sermonem,
1413 2965 1463 3002 ut
1508 2964 1721 3012 quaedam
