2002 3464
945 355 1024 394 101

192 480 318 529 quasi
358 480 474 521 dicat
514 480 735 520 communi
776 479 903 520 filiae.
947 480 1000 519 Et
1040 480 1149 520 bene
1195 490 1281 519 non
1317 489 1539 519 socrum
1571 478 1647 518 sed
1679 479 1769 517 So-

192 558 481 597 stratam.”

253 633 458 673 Eiusdem
488 633 659 682 generis
690 634 758 672 est
790 633 883 673 eius
915 633 968 672 ad
1000 643 1064 672 vs.
1099 633 1185 672 378
1219 632 1414 672 eiusdem
1442 631 1612 670 fabulae
1640 641 1767 670 anno-

191 709 313 749 tatio.
357 708 602 759 Pamphilo
625 709 803 748 domum
841 719 1015 748 reverso
1048 710 1274 748 narratum
1302 709 1396 747 erat
1426 717 1610 747 uxorem
1642 718 1769 747 suam

190 794 278 824 non
307 785 451 825 solum
482 785 536 825 ad
565 786 768 834 parentes
799 796 903 825 suos
935 786 1192 836 confugisse,
1227 786 1303 825 sed
1334 785 1469 824 etiam
1496 784 1541 823 in
1566 784 1768 823 morbum

191 860 450 910 implicitam
493 870 589 900 esse
631 860 693 900 ita
734 862 783 900 ut
825 862 878 900 ad
911 872 1008 901 eam
1042 862 1216 901 admitti
1247 872 1375 901 nemo
1408 861 1567 910 posset.
1602 860 1768 900 Tamen

189 937 420 986 introrupit
465 938 595 986 atque
641 938 714 986 qui
761 938 833 977 ille
879 938 1057 977 morbus
1099 939 1216 978 esset
1259 949 1358 977 cum
1401 948 1575 977 summo
1623 936 1767 976 dolore

189 1013 402 1063 cognovit.
450 1013 667 1063 Planeque
714 1014 860 1053 animo
906 1015 1184 1063 perturbatus
1230 1025 1380 1054 secum
1428 1014 1557 1053 deflet
1598 1013 1767 1052 illatam

187 1089 270 1129 sibi
317 1089 534 1129 iniuriam.
583 1090 736 1140 Verba,
786 1090 941 1138 quibus
989 1091 1033 1129 in
1079 1091 1339 1130 memoriam
1382 1090 1663 1130 tristissimae
1706 1089 1768 1129 rei

185 1165 314 1206 mo'do
345 1165 427 1206 sibi
459 1168 714 1215 conspectae
747 1167 869 1217 redit,
903 1168 1011 1207 haec
1042 1169 1145 1207 sunt
1177 1170 1254 1213 (VS.
1290 1168 1564 1213 373—378):

275 1242 514 1292 Postquam
530 1243 643 1282 intro
660 1243 828 1293 adveni,
847 1244 1066 1292 extemplo
1084 1243 1178 1283 eius
1193 1244 1395 1283 morbum
1413 1244 1594 1293 cognovi
1610 1243 1764 1282 miser:

275 1318 388 1358 Nam
419 1329 559 1368 neque
589 1320 639 1358 ut
671 1319 801 1358 celari
831 1320 980 1368 posset
1011 1321 1186 1368 tempus
1217 1319 1410 1369 spatium
1441 1319 1580 1358 ullum
1612 1319 1742 1358 dabat

274 1395 422 1444 Neque
455 1406 560 1436 voce
591 1396 678 1435 alia
709 1406 760 1436 ac
790 1407 861 1436 res
892 1397 1098 1436 monebat
1130 1397 1224 1446 ipsa
1255 1398 1425 1446 poterat
1457 1396 1672 1444 conqueri.

274 1471 511 1522 Postquam
530 1473 682 1522 aspexi
701 1504 719 1523 „
728 1484 752 1513 o
769 1474 938 1513 facinus
954 1474 1208 1523 indignum”
1223 1474 1402 1522 inquam
1414 1475 1458 1513 et
1470 1474 1654 1523 corripui
1667 1473 1763 1513 ilico

274 1549 341 1588 Me
372 1549 471 1589 inde
502 1550 750 1600 lacrimans,
790 1550 1029 1590 incredibili
1060 1561 1106 1590 re
1139 1551 1268 1599 atque
1301 1551 1437 1590 atroci
1467 1551 1670 1600 percitus

274 1625 412 1666 Mater
442 1627 731 1675 consequitur.

184 1702 379 1742 Annotat
429 1700 693 1741 Scholiasta:
745 1702 972 1752 „Ostendit
1018 1702 1224 1742 affectum
1271 1703 1593 1743 misericordiae
1641 1714 1758 1753 suae,

184 1778 365 1818 mater
394 1778 539 1827 potius
571 1778 749 1817 dicendo
781 1789 914 1827 quam
950 1778 1230 1828 Myrrinam.”

243 1853 365 1894 Adel.
402 1854 498 1894 143.
536 1854 669 1904 „Nolo
701 1865 801 1894 cum
831 1855 964 1894 fratre
996 1865 1106 1904 meo,
1136 1855 1230 1894 viro
1257 1851 1437 1895 severo’'
1469 1855 1661 1895 clemens
1688 1855 1760 1895 ille

185 1930 309 1970 Micio
341 1930 404 1970 ait
438 1931 736 1980 „disputare”:
903 1926 906 1929 ’

967 2008 1079 2047 Nam
1112 2008 1219 2047 itast
1249 2008 1402 2048 homo:

422 2082 562 2133 Quom
592 2083 714 2133 placo
748 2084 955 2123 advorsor
986 2084 1135 2124 sedulo
1167 2086 1211 2124 et
1244 2085 1462 2124 deterreo:

423 2159 589 2199 Tamen
619 2160 697 2199 vix
728 2160 919 2200 humane
951 2161 1127 2209 patitur.

185 2235 379 2276 Annotat
421 2236 685 2276 Scholiasta:
732 2236 901 2287 „Homo
944 2237 1055 2276 dixit
1096 2237 1333 2276 moraliter.
1374 2237 1443 2276 Sic
1475 2237 1593 2277 enim
1626 2238 1677 2277 de
1709 2237 1763 2276 iis

185 2311 382 2363 dicimus,
415 2323 524 2362 quos
554 2323 681 2362 parce
713 2313 1112 2363 reprehendimus.’'

243 2387 375 2428 Vides
415 2400 548 2438 quam
589 2390 759 2440 egregie
801 2390 993 2440 optimus
1025 2390 1096 2430 ille
1130 2392 1448 2430 commentator
1480 2391 1763 2430 Terentianae

185 2465 305 2505 vocis
335 2465 480 2505 varios
511 2476 642 2506 sonos
674 2467 820 2506 animo
852 2467 1128 2516 persenserit.

245 2683 397 2722 Errare
449 2684 598 2722 tamen
644 2683 887 2723 humanum
935 2685 1003 2723 est
1049 2694 1188 2733 neque
1237 2685 1467 2733 quisquam
1511 2679 1764 2724 mortalium

183 2760 281 2799 vitii
324 2759 546 2799 immunis.
592 2759 700 2810 Quid
732 2762 844 2810 quod
877 2761 995 2810 ipsae
1028 2762 1215 2801 virtutes
1246 2772 1327 2801 sua
1358 2762 1440 2801 sibi
1473 2762 1582 2800 vitia
1613 2744 1763 2801 secum

183 2836 340 2876 ferunt.
385 2836 432 2874 Id
475 2836 742 2877 scholiastae
784 2848 952 2886 quoque
994 2839 1142 2877 nostro
1185 2838 1352 2888 accidit,
1396 2837 1764 2886 quemadmodum

185 2912 275 2952 iam
307 2912 547 2952 ostendam.
581 2912 777 2952 Primum
809 2914 1020 2953 virtutem
1051 2913 1270 2962 quandam
1303 2913 1395 2953 eius
1428 2914 1472 2952 in
1502 2913 1763 2953 memoriam
