2002 3464
806 391 938 430 .47

123 521 346 560 moverat:
387 519 569 570 putabat
609 518 727 558 enim
768 518 951 558 rivalem
994 518 1117 557 illum
1160 528 1268 567 esse,
1308 528 1408 557 cum
1439 517 1696 567 praesertim

125 595 335 636 Thaidem
365 597 589 646 tantopere
621 595 714 635 eius
746 594 918 634 videndi
950 594 1247 643 retinendique
1280 594 1479 644 cupidam
1506 594 1694 634 videret:

124 670 226 711 hinc
270 673 416 712 ortum
462 671 652 721 iurgium
699 671 908 710 Thaidem
956 671 1068 710 inter
1114 671 1409 720 militemque;
1453 672 1582 720 atque
1623 670 1698 709 illa

123 746 279 794 militis
311 747 698 797 importunitatem
743 748 854 787 ferre
901 748 1052 787 nolens
1098 747 1283 787 Doriada
1329 747 1555 796 praemisit
1597 757 1697 786 cum

123 822 216 862 suis
247 823 514 863 ornamentis
546 823 701 863 aureis
730 823 935 863 Dicebam
962 823 1083 862 illam
1109 823 1293 863 Doriada
1320 834 1542 863 accurrere
1570 823 1695 862 anhe-

124 897 302 950 lantem,
330 899 598 949 exterritam,
627 901 790 939 terrore
816 900 1073 949 perculsam.
1103 900 1303 949 Talisque
1330 900 1423 939 eius
1450 901 1574 939 actus
1602 909 1697 938 esse

123 973 262 1027 debet2
289 974 527 1015 Verissime
554 976 671 1015 enim
698 976 914 1025 simulque
930 976 1196 1026 lepidissime
1214 976 1456 1016 Scholiasta
1472 976 1695 1016 observat:

127 1050 215 1102 „Ea
252 1062 437 1101 persona
477 1053 674 1102 quaesita
715 1054 783 1092 est
824 1064 932 1102 quae
968 1053 1206 1092 terribilem
1239 1054 1385 1093 credat
1415 1052 1615 1102 militem,
1649 1053 1698 1090 ut

125 1128 182 1167 eo
216 1128 359 1178 magis
399 1128 444 1168 in
486 1130 744 1179 experiendo
776 1140 916 1169 vanus
948 1140 999 1169 ac
1030 1130 1235 1169 ridiculus
1268 1140 1364 1168 esse
1395 1129 1576 1178 possit.”

184 1203 342 1244 Secum
372 1204 552 1254 loquens
584 1205 736 1245 Dorias
768 1207 917 1245 narrat
949 1206 1049 1255 quid
1081 1206 1192 1255 apud
1224 1206 1413 1245 militem
1445 1205 1504 1244 sit
1536 1206 1695 1244 actum.

51 1332 54 1337 Ι
124 1279 394 1320 Narrationis
423 1281 505 1320 hoc
537 1283 604 1321 est
635 1282 810 1321 initium
843 1283 941 1328 (617
976 1285 1078 1331 sq.):

211 1350 325 1396 Nam
340 1358 572 1406 postquam
588 1358 672 1397 iste
690 1358 866 1398 advenit
883 1358 1089 1398 Chremes
1107 1359 1357 1398 adolescens
1373 1359 1506 1397 frater
1517 1357 1698 1406 virginis

167 1436 170 1439 ⁴
214 1432 398 1473 Militem
429 1435 554 1483 rogat
583 1435 634 1474 ut
664 1435 789 1474 illurn
821 1435 995 1474 admitti
1026 1434 1184 1474 iubeat.

123 1507 349 1559 Duplicem
390 1510 442 1550 ob
480 1520 659 1550 causam
690 1511 913 1559 Bentlejus
943 1511 1044 1550 huic
1075 1511 1167 1550 loco
1200 1510 1549 1550 emendationem
1581 1509 1695 1548 adhi-

124 1583 241 1624 buit:
282 1585 474 1636 primum
516 1597 603 1627 non
633 1587 799 1627 ferebat
831 1587 1067 1627 iambicum
1094 1598 1272 1627 versum
1305 1587 1417 1626 inter
1449 1586 1697 1632 trochaeos;

125 1670 280 1710 parum
310 1661 464 1702 idonea
490 1673 622 1702 causa
642 1663 771 1712 haec;
790 1664 917 1713 paulo
935 1664 1052 1703 enim
1068 1662 1167 1712 po'st
1183 1664 1235 1703 ob
1254 1664 1437 1702 eandem
1454 1663 1493 1702 ei
1510 1673 1574 1701 vs.
1589 1662 1698 1703 622:

214 1737 380 1778 Invitat
409 1739 571 1779 tristis:
601 1733 781 1790 mansit,
815 1741 872 1779 ibi
905 1741 979 1780 illa
1011 1751 1111 1780 cum
1143 1741 1215 1780 illo
1247 1751 1496 1779 sermonem
1528 1740 1637 1788 ilico,

127 1813 375 1863 ceteroquin
405 1815 667 1855 sanissimus
698 1816 781 1855 fuit
811 1817 1061 1855 mutandus.
1096 1816 1280 1856 Gravius
1311 1816 1392 1855 hoc
1425 1816 1535 1864 quod
1562 1815 1699 1854 nostri

126 1898 281 1929 versus
311 1890 449 1931 oratio
479 1901 610 1941 supra
641 1902 772 1941 quam
804 1892 887 1931 dici
919 1893 1062 1941 potest
1093 1892 1270 1942 puerilis
1303 1893 1370 1931 est
1402 1893 1445 1931 et
1470 1891 1608 1930 balba.
1638 1891 1700 1929 Ne

128 1963 212 2004 dici
253 1966 427 2015 quidem
467 1967 620 2007 Latine
660 1979 787 2018 posse
829 1969 978 2018 opinor
1013 1968 1122 2018 „iste
1156 1968 1363 2008 Chremes
1395 1968 1698 2015 adolescens”;

127 2039 243 2081 haud
282 2041 429 2082 minus
470 2042 512 2082 id
555 2043 665 2082 mihi
706 2044 941 2084 absurdum
977 2044 1148 2084 videtur
1179 2055 1310 2093 quam
1343 2044 1380 2083 si
1413 2044 1509 2093 quis
1541 2027 1700 2083 Graece

128 2117 192 2157 sic
221 2117 490 2168 loqueretur:
523 2114 638 2168 οὗτος
666 2117 687 2160 ὅ
720 2118 878 2173 Χρέμης
905 2111 1121 2168 νεανὶσκός.
1151 2121 1259 2171 Quid
1286 2122 1434 2160 autem
1460 2121 1630 2160 facilius
1658 2120 1701 2158 in

95 2192 98 2193 ⁷
128 2193 303 2235 textum
329 2195 515 2246 irrepere
541 2197 683 2246 potuit
709 2208 840 2246 quam
868 2197 1111 2237 Chremetis
1142 2207 1302 2237 nomen
1329 2208 1355 2236 a
1376 2197 1525 2236 sedulo
1542 2197 1700 2236 lectore

129 2269 175 2309 in
203 2271 400 2321 margine
430 2273 655 2322 positum?
687 2272 814 2313 Certa
846 2284 946 2323 ergo
977 2273 1149 2313 videtur
1179 2272 1364 2321 Bentleji
1396 2273 1624 2312 correctio:

165 2341 172 2348 ’
217 2346 329 2386 Nam
359 2350 591 2398 postquam
623 2349 706 2389 iste
738 2350 973 2389 advenerat
1004 2349 1254 2389 adolescens
1285 2349 1420 2388 frater
1445 2348 1639 2398 virginis.

130 2421 238 2472 Quid
269 2424 381 2472 quod
412 2425 701 2465 Scholiastam
733 2437 899 2475 quoque
931 2426 1046 2466 male
1072 2426 1276 2465 habuisse
1302 2426 1474 2465 videtur
1499 2426 1701 2474 vulgatae

128 2497 327 2539 lectionis
368 2500 644 2542 abundantia.
687 2503 880 2542 Annotat
922 2502 1062 2542 enim:
1111 2502 1351 2552 „instanter
1393 2502 1598 2541 admonet
1630 2502 1702 2549 qui

130 2573 297 2614 seilicet
341 2575 400 2615 sit
445 2576 693 2628 Chremes”,
743 2589 852 2627 quae
898 2579 1030 2618 verba
1076 2588 1175 2618 cum
1217 2578 1308 2617 risu
1349 2576 1702 2627 reprehendentis
1768 2579 1772 2582 '

133 2661 230 2690 esse
277 2650 490 2693 videntur.
534 2654 649 2694 Satis
691 2655 808 2694 enim
849 2655 991 2695 hercle
1033 2655 1122 2694 iam
1158 2655 1356 2704 cognitus
1387 2653 1703 2704 spectatoribus

131 2725 338 2767 Chremes
370 2727 455 2768 ille.

191 2802 323 2842 Thais
355 2814 380 2842 a
410 2804 550 2844 milite
580 2806 706 2856 petiit
736 2808 785 2846 ut
816 2782 1092 2847 Chremetem
1119 2806 1347 2855 invitaret;
1377 2809 1454 2852 (ve.
1484 2806 1570 2845 620
1597 2808 1700 2854 sq.):

250 2879 299 2918 Id
330 2879 516 2920 faciebat
546 2883 758 2922 retinendi
791 2883 907 2922 illius
940 2893 1091 2923 causa:
1126 2883 1226 2931 quia
1258 2883 1332 2921 illa
1363 2892 1471 2930 quae
1505 2881 1702 2931 cupiebat

250 2954 311 2995 De
343 2966 488 2996 sorore
521 2957 614 2997 eius
646 2959 846 3009 indicare,
881 2960 933 2999 ad
967 2970 1064 2998 eam
1096 2970 1188 2998 rem
1221 2960 1395 3007 tempus
1427 2968 1513 2997 non
1545 2960 1649 2997 erat.
