2002 3464
971 399 1027 440 60

222 522 280 561 sit
315 522 580 570 propositum
610 522 943 571 postulatumve.
977 522 1256 563 Conferantur
1287 534 1341 563 ex
1372 524 1524 569 Latina
1554 523 1773 573 tragoedia

223 596 443 645 Iphigenia
473 597 516 636 in
547 597 700 638 Aulide
731 597 948 636 notissimi
978 607 1151 637 versus:

339 671 398 710 Ut
430 682 506 720 ego
538 671 700 720 plectar
731 672 840 720 quod
871 674 919 718 tu
949 682 1112 722 peccaS,
1146 674 1194 712 tu
1225 674 1434 722 delinquis
1466 684 1542 722 ego
1574 683 1728 722 arguar

222 749 263 786 et
326 748 397 795 qui
453 748 699 796 sequuntur,
758 747 910 796 quibus
966 748 1265 797 Agamemnon
1310 749 1537 805 respondet
1583 748 1772 788 Menelao

222 822 466 872 Iphigeniae
494 823 685 871 poscenti
711 822 981 862 sacrificium.
1010 823 1321 873 Respondentis
1348 826 1426 874 est,
1454 835 1539 870 non
1556 824 1773 873 disputare

222 887 477 947 incipientis.
511 898 674 937 Tamen
705 897 774 937 hic
805 898 908 937 illud
938 900 996 937 ut
1027 899 1071 937 in
1101 899 1238 948 primo
1270 910 1424 940 scenae
1450 910 1578 938 versu
1603 899 1771 948 legitur.

221 973 342 1022 Ergo,
386 974 434 1021 ut
476 972 739 1013 Scholiastae
780 973 923 1012 verbis
963 974 1083 1021 utar:¹
1130 973 1224 1022 „hic
1265 984 1406 1022 sermo
1449 974 1690 1023 sic-prodit
1725 974 1774 1012 ut

221 1049 318 1097 post
344 1058 519 1088 scenam
546 1047 773 1096 inchoatus
800 1058 895 1088 esse
920 1048 1158 1088 videatur.”
1187 1048 1252 1087 'Ad
1279 1050 1476 1092 nostrum
1502 1059 1603 1094 vero
1629 1049 1772 1088 locum

222 1123 460 1172 adscripsit,
494 1133 601 1171 quae
633 1133 718 1161 non
749 1123 920 1171 quidem
951 1125 1044 1162 tam
1075 1124 1163 1162 sint
1194 1124 1353 1163 diserta
1384 1125 1458 1163 sed
1485 1125 1632 1163 tamen
1658 1124 1772 1163 idem

222 1197 483 1246 significent:
531 1199 732 1247 „apparet
774 1197 1044 1245 Gnathonem
1087 1199 1130 1237 et
1166 1199 1482 1244 dehortatorem
1514 1209 1609 1245 esse
1641 1200 1771 1238 certa-

221 1273 352 1312 minis
394 1274 437 1312 et
478 1274 530 1312 ad
571 1273 722 1322 pocula
761 1273 946 1313 militem
986 1275 1258 1322 provocare,”
1300 1274 1362 1323 Ne
1404 1274 1572 1316 dubites
1611 1274 1773 1325 inspice

222 1349 545 1389 annotationem
592 1359 699 1397 quae
741 1349 794 1390 ad
834 1359 898 1388 vs.
945 1350 1055 1389 1025
1098 1349 1274 1398 legitur:
1321 1360 1516 1399 „semper
1557 1360 1583 1390 a
1621 1360 1775 1397 mensa

223 1424 389 1467 Gnatho
417 1424 578 1464 invitus
605 1424 889 1472 abstrahitur3
918 1435 1020 1463 nam
1047 1426 1090 1463 et
1116 1435 1245 1473 supra
1272 1435 1370 1464 cum
1397 1425 1449 1467 ad
1465 1425 1588 1464 litem
1603 1425 1774 1465 venitur
1831 1454 1834 1456 v

223 1510 276 1540 ex
302 1499 444 1538 verbis
471 1499 703 1547 Thrasonis
729 1499 1010 1548 manifestum
1038 1501 1104 1538 est
1130 1499 1400 1538 Gnathonem
1432 1499 1618 1546 invitum
1638 1500 1770 1549 sequi,

221 1575 292 1613 ubi
334 1575 457 1614 dicit:
500 1575 681 1614 hancine
723 1584 799 1623 ego
841 1576 889 1614 ut
921 1574 1227 1614 contumeliam
1258 1576 1350 1619 tam
1382 1575 1595 1623 insignem
1626 1575 1670 1617 in
1701 1585 1772 1615 me

221 1651 440 1700 accipiam,
485 1651 653 1691 Gnatho
664 1652 712 1690 ?’'
755 1651 884 1690 Vides
926 1661 1056 1699 quam
1091 1651 1199 1691 bene
1230 1650 1426 1699 egregius
1456 1650 1527 1690 ille
1559 1660 1771 1695 commen-

220 1727 335 1765 tator
365 1726 629 1775 perspexerit
662 1726 818 1767 omnia.

280 1801 397 1840 Haec
443 1802 560 1840 addit
606 1801 790 1840 Thraso:
843 1801 978 1851 „mori
1024 1811 1094 1848 me
1141 1801 1340 1850 satiust,”
1388 1802 1516 1849 atque
1561 1801 1642 1847 hoc
1686 1801 1774 1848 fere

221 1877 399 1915 annotat
426 1876 685 1915 Scholiasta:
718 1877 865 1925 „quasi
891 1886 992 1915 vero
1019 1876 1072 1915 ad
1098 1876 1283 1924 iurgium
1311 1886 1409 1919 cum
1436 1875 1596 1917 Thaide
1620 1876 1775 1917 mortis

222 1953 470 2000 contemptu
501 1962 607 2000 opus
638 1952 738 1991 sit.’'

285 2027 500 2077 „Simalio,
528 2027 691 2077 Donax,
721 2027 902 2076 Syrisce,
932 2027 1189 2075 sequimini'’
1219 2026 1378 2065 clamat
1403 2026 1530 2065 miles
1558 2021 1634 2072 (vs'.
1660 2027 1772 2073 772).

220 2103 400 2151 Egregia
431 2104 497 2142 est
528 2103 579 2141 ad
612 2103 725 2141 hunc
755 2102 897 2141 locum
930 2101 1192 2140 Scholiastae
1220 2102 1460 2140 annotatio:
1493 2101 1775 2151 „Huiusmodi

221 2178 378 2217 militia
408 2188 482 2227 per
514 2178 751 2216 tumultum
782 2178 955 2226 repente
983 2178 1214 2235 suscipitur
1240 2178 1283 2215 et
1309 2177 1463 2216 dicitur
1489 2177 1771 2227 evocatio,

221 2253 292 2292 ubi
339 2254 426 2292 dux
472 2254 701 2302 alloquitur
748 2254 886 2292 cives:
935 2253 1025 2300 qui
1071 2262 1182 2291 rem
1228 2251 1511 2301 publicam
1557 2251 1774 2291 salvam

221 2329 403 2375 vultis
444 2339 525 2367 me
567 2328 887 2376 sequimini.
921 2327 1045 2366 Unde
1074 2327 1300 2376 Virgilius:

1022 2403 1281 2451 desuetaque
1312 2402 1421 2442 bello

398 2479 585 2529 Agmina
616 2480 659 2518 in
691 2489 812 2518 arma
843 2480 968 2517 vocat
999 2478 1139 2517 subito
1170 2478 1414 2525 ferrumque
1445 2479 1662 2527 retractat,

399 2554 495 2603 Ipse
521 2556 647 2593 vocat
678 2564 864 2603 pugnas:
898 2554 1091 2602 sequitur
1121 2554 1217 2601 tum
1249 2553 1390 2592 cetera
1420 2553 1595 2601 pubes.'’

223 2630 360 2668 Minae
397 2629 629 2667 Thrasonis
660 2630 740 2668 hae
772 2630 895 2667 sunt:
933 2629 1146 2677 „primum
1178 2628 1295 2666 aedis
1327 2628 1634 2676 expugnabo’n,
1668 2628 1772 2677 „vir-

222 2705 366 2753 ginem
403 2705 632 2753 eripiam;”
670 2705 809 2755 „male
840 2704 1037 2743 mulcabo
1068 2704 1250 2752 ipsam.”
1285 2702 1398 2752 Quae
1430 2703 1488 2742 sit
1518 2703 1645 2750 huius
1676 2713 1773 2742 enu-

222 2780 474 2821 merationis
514 2781 720 2818 venustas
762 2780 884 2818 docet
925 2778 1163 2817 Scholiasta
1198 2778 1278 2816 hac
1310 2779 1606 2818 annotatione:
1643 2778 1773 2828 „Vide

223 2855 415 2893 ordinem
456 2855 568 2898 belli.
611 2854 754 2903 Primo
797 2853 1054 2902 expugnatio
1095 2853 1337 2901 moenium;
1379 2854 1474 2892 tum
1510 2852 1773 2902 recuperatio

224 2932 446 2981 captarum
477 2940 642 2980 rerum;
677 2930 851 2978 demum
881 2939 1017 2981 poena
1046 2929 1349 2980 praedonum.”
