2002 3464
930 323 1013 361 215

99 445 106 459 ¹
186 451 318 500 audit,
361 450 652 499 introrumpit.
695 449 909 487 Remanet
951 448 1163 486 Parmeno
1196 448 1240 485 et
1271 458 1420 486 secum
1453 447 1517 486 sic
1547 448 1758 496 loquitur:

364 526 459 565 Non
488 535 595 564 usus
626 525 740 564 facto
772 524 841 563 est
870 523 979 562 mihi
1011 533 1126 561 nunc
1156 523 1271 562 hunc
1301 523 1415 562 intro
1446 524 1582 572 sequi.

184 601 453 642 Annotatur:
504 601 628 651 „vide
674 599 886 640 artificem
932 599 1196 648 Terentium,
1245 599 1613 646 quemadmodum
1655 599 1764 638 alias

183 687 260 727 per
300 677 590 728 Pamphilum,
634 677 743 716 alias
773 687 848 726 per
879 676 1023 725 ipsum
1055 675 1372 714 Parmenonem
1404 674 1582 724 invenit,
1617 685 1761 723 quem-

185 753 420 793 admodum
460 753 680 793 nesciatur
721 763 746 792 a
787 752 942 792 ceteris
983 751 1198 800 virginem
1240 751 1341 789 ante
1377 751 1552 800 nuptias
1584 751 1636 790 ab
1669 750 1762 799 ipso

184 831 411 882 Pamphilo
442 829 645 869 vitiatam
677 829 816 868 esse.''

243 907 348 948 Hec.
391 907 462 957 IV,
507 907 546 956 2,
593 907 661 945 20.
706 906 915 955 Sostrata,
960 905 1004 943 in
1045 914 1178 952 quam
1210 903 1448 942 discordiae
1479 902 1619 942 filium
1650 903 1762 942 inter

184 984 362 1033 eiusque
402 993 586 1022 uxorem
628 982 753 1031 culpa
795 991 820 1020 a
860 981 1019 1020 marito
1062 980 1291 1029 confertur,
1336 990 1359 1018 e
1390 979 1533 1018 medio
1564 979 1763 1019 recedere

183 1059 279 1099 vult
309 1061 354 1099 et
383 1069 459 1098 rus
490 1058 620 1108 abire,
654 1057 826 1106 filioque
859 1057 1089 1096 consilium
1121 1066 1251 1095 suum
1283 1056 1346 1094 sic
1379 1044 1678 1094 commendat:

422 1135 542 1175 Haec
566 1135 676 1173 mihi
702 1144 817 1173 nunc
844 1144 946 1173 cura
972 1135 1040 1172 est
1065 1133 1274 1182 maxima,
1303 1133 1353 1171 ut
1378 1142 1432 1171 ne
1460 1123 1529 1171 cui
1554 1142 1655 1171 mea

302 1211 614 1261 Longinquitas
645 1211 803 1251 aetatis
835 1210 989 1259 obstet,
1019 1210 1263 1248 mortemve
1291 1210 1516 1258 exspectet
1541 1219 1701 1248 meam.

119 1322 124 1326 ,
183 1288 451 1328 Annotatur:
483 1287 659 1337 „sedulo
686 1286 776 1335 agit
797 1296 948 1325 socrus
969 1295 1023 1324 ne
1045 1285 1146 1333 quid
1167 1295 1243 1334 per
1264 1284 1532 1324 iracundiam
1555 1284 1763 1324 statuisse

182 1363 394 1404 videatur.
436 1364 544 1403 Vide
584 1364 735 1403 tamen
775 1363 826 1401 ut
867 1361 1218 1401 intermisceatur
1259 1360 1497 1409 indignatio
1539 1362 1583 1400 et
1624 1361 1765 1400 multa

134 1456 137 1457 ⁷
183 1440 328 1480 dolore
360 1440 615 1490 deprompta
645 1440 746 1489 sint,
781 1439 891 1488 quod
924 1439 1052 1488 poeta
1082 1448 1169 1477 non
1200 1437 1365 1476 invitus
1396 1437 1501 1476 facit
1533 1438 1586 1476 ad
1617 1447 1763 1476 mores

184 1516 490 1566 exprimendos
521 1525 815 1566 personasque
846 1515 1129 1554 reddendas.”

243 1592 349 1632 Hec.
391 1592 442 1642 V,
486 1593 526 1642 4,
574 1593 640 1631 11.
674 1592 900 1641 Parmeno,
935 1601 1163 1630 servorum
1195 1591 1393 1630 omnium
1425 1589 1762 1639 curiosissimus,

184 1668 238 1709 ad
278 1668 462 1708 herilem
502 1667 642 1707 filium
683 1668 886 1707 nuntium
929 1667 1089 1717 attulit,
1133 1677 1216 1715 quo
1259 1667 1434 1716 accepto
1467 1667 1538 1705 ille
1571 1666 1766 1705 exsultat

184 1744 364 1793 gaudio;
397 1745 490 1794 ipse
521 1745 672 1783 tamen
704 1744 804 1792 quid
836 1744 881 1783 in
912 1743 1064 1782 nuntio
1097 1743 1202 1782 insit
1233 1743 1337 1782 laeti
1369 1743 1493 1782 iuxta
1520 1752 1619 1781 cum
1647 1742 1762 1791 igna-

184 1819 374 1860 rissimis
405 1820 589 1869 ignorat.
622 1819 809 1868 Roganti
841 1829 942 1868 ergo
975 1819 1172 1858 domino:

362 1896 507 1945 Egone
533 1897 578 1935 te
603 1906 680 1945 pro
706 1896 787 1935 hoc
808 1895 960 1934 nuntio
977 1895 1079 1944 quid
1096 1895 1285 1941 donem?
1302 1895 1404 1944 quid
1415 1896 1436 1934 ἱ)
1453 1895 1554 1943 quid
1565 1896 1586 1933 ⁴?
1603 1894 1761 1933 nescio.

243 1972 515 2022 Respondet:

1303 2046 1420 2086 Nihil
1451 2046 1582 2086 enim.

365 2125 477 2165 Nam
516 2134 655 2174 neque
687 2124 732 2163 in
762 2124 915 2164 nuntio
947 2134 1086 2172 neque
1117 2124 1162 2162 in
1193 2134 1265 2163 me
1296 2124 1389 2173 ipso
1420 2123 1500 2162 tibi
1530 2122 1632 2162 boni
1663 2122 1763 2171 quid

1495 2199 1569 2246 [sit
1599 2199 1702 2238 scio.

186 2278 456 2319 Annotatur:
503 2278 668 2327 „facete
705 2278 796 2326 agit
827 2277 1054 2316 Terentius
1086 2278 1148 2327 ut,
1183 2277 1343 2325 quanto
1376 2276 1533 2325 magis
1551 2276 1764 2315 Parmeno

185 2354 382 2394 curiosus
414 2354 494 2403 est,
527 2354 651 2393 tanto
682 2339 825 2402 magis
857 2352 1024 2392 nesciat
1055 2353 1131 2391 illa
1162 2363 1271 2401 quae
1303 2353 1463 2401 cupit.'’

247 2429 297 2472 V.
341 2429 426 2469 Ubi
467 2430 550 2469 duo
591 2429 791 2469 homines
833 2429 877 2469 in
918 2439 1050 2468 scena
1080 2430 1323 2479 versantur,
1359 2429 1459 2477 quid
1491 2428 1601 2468 alter
1633 2428 1765 2467 faciat

184 2506 314 2555 quive
361 2506 454 2545 eius
496 2506 585 2545 sint
625 2507 775 2555 gestus
817 2516 872 2545 ex
914 2505 1093 2545 alterius
1126 2506 1304 2554 apparet
1334 2505 1491 2544 verbis.
1525 2504 1650 2544 Multi
1680 2504 1765 2542 huc

186 2582 455 2622 scholiastae
510 2582 593 2622 loci
639 2582 869 2632 pertinent,
919 2592 1027 2631 quos
1073 2592 1226 2620 omnes
1273 2572 1407 2620 citare
1453 2581 1633 2630 longum
1683 2581 1762 2638 est,

187 2668 326 2708 neque
357 2658 498 2698 facilis
530 2658 695 2698 electio.

251 2733 327 2776 vl.
369 2734 602 2783 Nunquam
645 2736 874 2784 quisquam
913 2736 958 2774 in
989 2735 1179 2775 Terentii
1212 2735 1446 2774 comoediis
1477 2736 1571 2774 tam
1603 2733 1766 2773 stultus

185 2811 254 2850 est
277 2810 399 2865 quin
440 2811 590 2849 tamen
626 2811 814 2850 astutiae
846 2811 1005 2851 habeat
1036 2811 1209 2860 aliquid.
1243 2811 1350 2850 Vide
1382 2811 1463 2850 hac
1494 2812 1546 2850 de
1578 2821 1624 2850 re
1656 2820 1766 2859 quae

185 2887 302 2926 dicta
334 2888 438 2925 sunt
471 2887 600 2926 huius
631 2887 728 2926 libri
760 2898 799 2936 p.
835 2889 890 2927 35
926 2888 992 2934 (ad
1025 2887 1130 2926 Eun.
1164 2897 1229 2926 vs,
1263 2888 1378 2931 443).
1671 2865 1676 2869 ⁸
