2002 3464
1010 392 1065 432 64

249 525 387 554 suam.
420 515 500 554 Hic
531 515 658 554 miles
689 526 816 555 suum
848 517 968 555 hem
1000 518 1043 556 et
1073 518 1165 557 hui
1191 519 1433 569 interponit,
1463 530 1582 570 quae,
1610 520 1659 560 ut
1685 521 1799 561 recte

249 592 371 630 docet
413 592 662 642 Scholiasta,
706 603 866 632 sannae
902 594 1003 632 sunt
1035 594 1240 633 adversus
1272 606 1344 634 eos
1376 596 1527 643 quibus
1559 596 1797 636 irascimur.

248 667 424 716 Egregie
451 669 543 706 tota
568 667 648 706 hac
675 678 803 707 scena
827 668 955 707 miles
981 670 1024 708 et
1041 668 1255 719 Chremes,
1276 671 1377 709 dum
1395 671 1506 709 inter
1522 681 1568 710 se
1584 670 1796 722 metuunt,

249 742 435 781 convitia
479 743 653 782 iactant.
700 743 902 793 Denique,
945 744 1017 783 ubi
1057 743 1261 784 Chremes
1302 746 1625 785 minitabundus
1666 747 1798 786 dixit:

251 817 451 866 „tangere
483 818 525 855 te
558 828 655 856 eam
685 819 956 868 prohibeb0,”
990 819 1138 859 callide
1169 821 1249 859 hoc
1274 822 1499 869 tamquam
1524 820 1798 870 praetextum

248 891 420 931 finiendi
456 893 524 931 vel
556 893 713 932 saltem
745 894 965 933 differendi
996 895 1121 943 iurgii
1152 896 1300 944 arripit
1332 896 1499 935 Gnatho
1531 898 1594 935 et:
1632 896 1799 946 „Audin

246 968 326 1006 tu?
353 967 422 1006 hic
447 968 549 1007 furti
576 979 622 1007 se
650 969 821 1019 adligat,
840 971 910 1024 spat
926 970 1005 1009 hoc
1021 970 1169 1009 tibist”
1189 971 1250 1010 ait
1267 973 1343 1017 (vs.
1364 971 1475 1017 809).
1494 971 1576 1010 Hic
1592 971 1799 1011 Thaidem

246 1042 372 1081 miles
413 1045 556 1092 rogat:
604 1044 749 1093 „Idem
780 1045 861 1084 hoc
891 1046 950 1095 tu,
984 1045 1113 1084 Thais
1126 1046 1186 1084 ?'''
1207 1047 1251 1084 at
1282 1046 1376 1084 illa:
1414 1046 1602 1095 „Quaere
1634 1047 1704 1095 qui
1736 1057 1796 1086 re-

246 1119 494 1166 spondeat.’'
537 1119 667 1158 Recte
709 1102 948 1160 Scholiasta
989 1122 1188 1160 annotat:
1230 1122 1393 1171 „ipsam
1428 1122 1798 1161 circumventurus

246 1194 501 1242 interrogat:
545 1195 655 1243 quod
697 1195 770 1234 illa
811 1195 1054 1244 intelligens
1095 1196 1310 1235 malitiose
1352 1197 1433 1235 ait:
1471 1207 1674 1245 quaere
1707 1197 1797 1246 qui

246 1269 626 1317 respondeat.?'

304 1344 497 1383 Profecto
530 1345 581 1383 ad
613 1346 824 1384 nutricem
852 1345 1076 1385 Chremete
1104 1357 1232 1394 quam
1259 1352 1327 1385 τοῦ
1357 1345 1657 1398 ἀναγνωρισμοῦ
1684 1345 1796 1386 ἕνεκα

245 1419 504 1458 adducturus
546 1421 623 1470 est,
667 1421 793 1459 miles
830 1432 994 1469 quoque
1026 1432 1079 1460 ne
1110 1422 1252 1461 verbis
1284 1423 1455 1470 quidem
1487 1423 1718 1472 quidquam
1749 1434 1796 1462 se

243 1493 445 1542 proficere
491 1495 641 1534 videns
687 1496 877 1546 discedit,
925 1497 994 1535 vel
1034 1498 1176 1545 potius
1216 1508 1241 1536 a
1287 1497 1509 1537 Gnathone
1550 1499 1603 1537 ad
1644 1509 1795 1537 cenam

244 1570 475 1609 retrahitur
521 1581 650 1619 seque
698 1572 749 1610 ab
791 1572 862 1610 illo
903 1572 1063 1620 placari
1103 1573 1276 1621 patitur.
1319 1573 1463 1621 Neque
1504 1575 1651 1612 tamen
1691 1560 1795 1613 suae

244 1645 400 1684 oblitus
457 1647 678 1695 dignitatis
735 1648 973 1686 exercitum
1019 1658 1147 1687 suum
1193 1648 1384 1698 dimittit,
1433 1649 1794 1698 sollemnibusque

244 1720 430 1769 Sangam
463 1722 692 1769 alloquitur
721 1723 863 1761 verbis
895 1723 994 1768 (814
1026 1726 1127 1771 sq.):

987 1798 1138 1848 Sanga,
1173 1799 1234 1837 ita
1265 1800 1316 1837 ut·
1343 1799 1466 1838 fortis
1498 1800 1619 1839 decet

478 1872 645 1922 Milites,
680 1873 795 1911 domi
826 1873 990 1921 focique
1021 1874 1088 1912 fac
1119 1874 1311 1912 vicissim
1343 1876 1392 1913 ut
1422 1875 1684 1915 memineris.
1759 1892 1763 1895 ·

302 1946 437 1996 Quam
468 1948 608 1996 lepida
639 1949 682 1987 in
713 1959 816 1988 voce
847 1949 957 1988 foci
984 1950 1042 1988 sit
1075 1950 1249 1998 parodia
1280 1950 1453 2000 sentieS,
1482 1951 1519 1988 si
1544 1951 1794 1990 memineris

242 2032 423 2070 coquum
457 2033 550 2062 esse
584 2024 770 2072 Sangam
801 2024 936 2063 illum.
970 2025 1051 2063 Hic
1081 2035 1204 2064 vero:

595 2099 687 2137 Iam
719 2099 879 2138 dudum
911 2100 1082 2138 animus
1114 2102 1180 2139 est
1210 2101 1254 2138 in
1284 2100 1455 2148 patinis.

240 2173 293 2211 Et
325 2173 492 2212 Gnatho
523 2174 676 2222 „Frugi
703 2175 791 2212 es'’.
819 2174 978 2212 lisdem
1004 2175 1146 2213 verbis
1173 2175 1406 2214 Chaeream
1432 2176 1578 2214 laudat
1605 2176 1792 2225 Antipho

240 2257 303 2286 vs.
348 2249 431 2286 608
474 2248 599 2296 idque
640 2249 691 2287 ob
735 2249 914 2287 eandem
955 2259 1059 2298 rem,
1102 2259 1256 2298 nempe
1297 2251 1406 2297 quod
1448 2261 1603 2289 coenae
1645 2261 1791 2290 curam

240 2323 406 2362 habeat.
449 2324 639 2372 Denique
679 2334 837 2373 magna
876 2334 980 2363 voce
1022 2324 1234 2363 clamante
1275 2326 1434 2364 milite:
1476 2336 1579 2375 „vos
1609 2336 1681 2365 me
1711 2327 1792 2366 hac

240 2398 497 2446 sequimini”
531 2399 680 2444 (utitur
712 2401 858 2439 autem
890 2400 1039 2439 eodem
1071 2399 1142 2438 illo
1174 2400 1500 2450 sequimini,
1535 2411 1616 2449 quo
1648 2402 1791 2450 copias

240 2474 453 2513 adducens
483 2485 588 2513 usus
620 2477 737 2524 erat),
772 2475 886 2513 illius
918 2475 1094 2514 domum
1126 2474 1282 2513 abeunt
1312 2486 1474 2514 omnes.
