2002 3464
888 393 970 433 129

138 521 282 571 potest
318 520 435 560 iusta
465 519 751 577 adolescentis
782 520 965 560 honesto
996 520 1089 560 loco
1121 520 1213 559 nati
1244 530 1366 569 uxor,
1401 520 1449 559 si
1481 520 1564 559 sic
1596 530 1713 559 eam

140 597 370 637 constat
425 597 556 636 ante
606 597 840 645 nuptias
882 597 1224 646 impudicam
1271 597 1496 636 ductam
1545 598 1714 636 esse.’'

141 672 252 723 Sic,
294 674 346 712 ut
385 682 514 722 saepe
556 671 768 712 Graecum
806 672 944 722 οὕτως,
975 673 1045 712 1110
1076 672 1314 722 significat:
1349 673 1412 712 sic
1443 673 1711 722 simpliciter,

139 749 259 789 nulla
298 759 345 788 re
386 749 627 798 accedente,
662 749 707 788 in
738 759 822 798 qua
854 749 1026 798 aliquod
1060 750 1165 789 insit
1195 750 1398 789 lenimen.
1434 750 1516 789 Sed
1549 750 1713 799 impu-

109 869 113 872 ,
140 825 321 866 dicam
352 825 577 864 ductam
608 826 657 864 ut
689 835 846 864 sanum
878 826 936 864 sit
968 836 1130 865 vereor.
1165 825 1290 865 Certe
1321 826 1373 865 de
1400 825 1715 875 significatione

94 947 95 950 Ἴ
139 900 309 941 dubito:
352 901 428 940 aut
469 901 586 940 enim
629 902 718 940 est:
766 902 1034 951 „meretricis
1076 902 1268 951 vulgaris
1309 902 1513 942 habuisse
1556 912 1715 942 nomen

137 977 430 1027 famamque,”
473 979 549 1017 aut
594 978 673 1026 „ad
705 980 936 1026 quaestum
969 979 1265 1018 meretricium
1298 979 1570 1019 educatam.”
1603 979 1715 1018 Nam

137 1054 219 1113 hoc
259 1064 427 1103 quoque
468 1055 512 1093 111
553 1055 668 1094 1111110
699 1055 843 1093 10011111
876 1055 1069 1105 quadrat,
1105 1056 1518 1105 commendaturque
1550 1056 1632 1094 hac
1663 1056 1716 1094 ad

137 1140 202 1170 vs.
235 1130 292 1171 48
325 1131 627 1170 annotatione:
661 1131 809 1170 Lana
841 1141 901 1170 ac
932 1131 1049 1170 tela
1081 1132 1311 1178 victum]
1350 1131 1632 1181 „Artificiose,
1668 1133 1717 1170 ut

136 1203 336 1246 videatur
370 1206 522 1256 pudice
554 1207 666 1256 apud
699 1217 796 1246 eam
828 1207 974 1246 futura
1005 1208 1339 1247 materfamilias
1372 1208 1543 1247 educari
1575 1217 1714 1257 posse,

137 1292 270 1331 quam
300 1283 577 1323 meretricem
609 1284 848 1323 necessitas
879 1284 1024 1323 fecit.”
1058 1284 1169 1323 Tum
1203 1285 1352 1323 autem
1383 1295 1459 1333 pro
1492 1284 1716 1323 ductam

137 1358 370 1408 requiritur
411 1359 685 1399 eductam.
724 1359 835 1399 Utut
866 1362 945 1409 est,
980 1360 1159 1399 obscure
1192 1360 1262 1399 1110
1293 1361 1557 1410 barbareque
1591 1360 1716 1399 Scho-

137 1434 268 1475 liasta
307 1435 509 1485 loquitur.
553 1436 652 1475 Mox
696 1436 763 1482 (ad
796 1437 981 1476 eundem
1013 1447 1078 1475 vs.
1113 1437 1208 1483 44):
1247 1437 1323 1486 „In
1356 1437 1599 1476 conditione
1631 1437 1716 1475 tur-

137 1511 308 1561 pissimi
349 1512 539 1551 nominis
580 1512 770 1551 multum
812 1513 1001 1551 sumitur
1043 1513 1268 1552 excusatio
1309 1512 1592 1552 voluntatis.’'
1636 1512 1718 1551 Hic

138 1588 215 1627 aut
249 1598 337 1628 una
367 1599 457 1628 vox
487 1588 736 1628 sumitur
768 1590 844 1628 aut
870 1589 979 1628 duae
1007 1589 1248 1628 multum
1275 1590 1523 1629 sumitur
1551 1600 1718 1638 corrup-

141 1664 214 1703 tae
244 1665 370 1713 sunt;
403 1665 479 1704 sed
511 1665 726 1714 quomodo
759 1666 988 1704 emendem
1020 1676 1106 1705 non
1138 1665 1287 1705 habeo.

199 1740 270 1780 47.
307 1740 411 1790 „Est
442 1741 558 1780 enim
590 1741 813 1780 duriter
844 1742 938 1780 sine
966 1752 1098 1780 sensu
1124 1742 1327 1781 laboris.’'
1356 1742 1489 1781 Balbo
1517 1752 1718 1782 sermone

139 1815 220 1856 hoc
257 1816 435 1856 dicitur:
473 1816 729 1867 „Duriter
762 1819 862 1863 (non
893 1817 1040 1863 dure)
1073 1818 1212 1856 vitam
1245 1829 1372 1870 agere
1405 1819 1498 1858 eius
1531 1820 1610 1869 est,
1645 1818 1718 1867 qui

138 1892 299 1932 laboris
330 1892 583 1942 inopiaeque
615 1893 891 1932 incommoda
922 1904 976 1932 ne
1007 1894 1169 1933 sentire
1202 1894 1376 1943 quidem
1407 1895 1648 1934 videatur.’'

200 1968 270 2008 54.
302 1968 540 2018 Postquam
572 1969 820 2008 observavit
850 1970 1162 2019 perducere
1195 1981 1344 2010 eorum
1373 1981 1481 2020 esse,
1511 1971 1585 2019 qui
1611 1971 1720 2010 alios

140 2043 310 2084 invitos⁴
332 2054 482 2084 secum
513 2045 702 2095 trahant,
737 2045 844 2084 haec
875 2046 994 2085 addit
1022 2046 1287 2086 Scholiasta:
1321 2046 1440 2097 „Hoc
1467 2047 1602 2086 etiarn
1629 2058 1718 2086 ver-

139 2120 245 2160 bum
285 2120 448 2160 iudices
489 2121 767 2170 pronuntiare
810 2121 994 2160 solent.’'
1039 2121 1146 2171 Quid
1183 2122 1266 2161 sibi
1297 2122 1405 2162 haec
1436 2123 1620 2162 volunt?
1652 2123 1720 2161 An

140 2196 273 2236 forte:
324 2197 528 2246 „ideoque
574 2197 771 2246 legitima
817 2197 924 2236 haec
954 2208 1042 2237 vox
1084 2199 1163 2248 est,
1208 2209 1293 2247 qua
1334 2199 1497 2238 iudices
1538 2200 1722 2238 utuntur

142 2283 242 2312 cum
272 2273 554 2323 pronuntiant
579 2283 703 2312 reum
730 2283 816 2312 non
843 2274 997 2323 sponte
1025 2274 1100 2313 sed
1127 2274 1316 2314 invitum
1343 2275 1511 2325 fecisse,
1541 2276 1720 2324 ideoque

142 2359 238 2388 esse
280 2349 634 2389 absolvendum.’'
671 2349 791 2389 Haec
822 2350 860 2388 si
893 2351 960 2389 est
992 2351 1308 2390 observationis
1340 2352 1571 2402 sententia,
1605 2352 1720 2391 haud

142 2425 268 2465 dubie
299 2426 449 2465 auctor
479 2426 572 2465 eius
604 2426 647 2465 et
679 2426 787 2465 alios
818 2427 935 2466 locos
969 2428 1013 2466 et
1044 2427 1159 2466 hunc
1191 2427 1408 2467 Ciceronis
1441 2429 1541 2467 aute
1573 2428 1720 2467 oculos

142 2501 293 2541 habuit
337 2501 469 2548 (Verr.
511 2502 550 2540 V
590 2503 613 2550 ἓ
656 2503 750 2548 33);
797 2503 1119 2552 „Renovabitur
1149 2504 1292 2553 prima
1323 2504 1398 2543 illa
1428 2505 1588 2544 militia
1620 2515 1738 2558 cum*

143 2579 226 2618 iste
258 2588 281 2618 e
311 2577 403 2618 foro
435 2578 598 2628 abduci,
631 2589 729 2628 non,
763 2580 813 2617 ut
844 2579 936 2628 ipse
968 2579 1199 2629 praedicat,
1233 2580 1407 2628 perduci
1439 2580 1648 2619 solebat.'’

203 2655 273 2694 55.
316 2653 547 2703 Egomet
588 2654 860 2694 continuo
902 2657 1131 2702 mecum]
1176 2656 1318 2706 „Bene
1349 2666 1537 2706 mecum,
1571 2658 1620 2695 ut
1651 2667 1719 2705 ap-

142 2731 293 2780 pareat
318 2730 426 2769 nihil
452 2731 616 2769 temere
643 2731 942 2789 constitutum,
972 2732 1041 2770 vel
1069 2732 1287 2780 prolatum
1314 2732 1453 2781 foras;
1477 2733 1558 2772 hoc
1575 2733 1718 2782 ipsum
1763 2752 1766 2756 ,

142 2807 252 2846 satis
285 2806 531 2855 quaesitum
564 2816 671 2856 esse,
701 2808 813 2855 quod
840 2807 996 2846 statuit
1023 2808 1074 2846 de
1100 2807 1224 2846 falsis
1251 2808 1426 2858 nuptiis,
1456 2810 1500 2847 et
1526 2809 1721 2847 infensus

144 2884 262 2923 esset
301 2881 432 2921 filio.”
465 2882 548 2921 Pro
580 2884 634 2921 et
665 2883 930 2922 infensus
962 2884 1194 2932 legendum
1226 2885 1286 2922 ut
1317 2884 1594 2923 infensus.
1628 2885 1721 2924 Hoc

146 2959 262 2998 enim
305 2969 440 2997 senex
482 2960 650 3006 spectat
691 2961 743 2998 et¹
776 2960 856 2998 1100
894 2961 960 2998 001
1002 2959 1213 2999 falsarum
1256 2960 1429 2999 illarum
1472 2961 1721 3009 nuptiarum

1562 3032 1580 3060 9
