2002 3464
999 392 1080 431 126

257 516 406 564 putavi
447 516 546 563 quia
587 515 808 554 doctorum
839 517 1009 554 mentes
1040 526 1167 565 saepe
1199 519 1427 567 occupatas
1457 518 1581 557 video
1613 518 1813 567 supersti-

257 590 373 629 tione
408 591 605 640 quadam,
640 601 768 638 quam
801 591 935 629 nimia
965 591 1129 640 peperit
1160 591 1407 641 disciplinae
1438 593 1815 642 palaeographicae

258 666 640 714 diplomaticaeque
667 666 907 705 admiratio.
936 667 1060 705 Haud
1087 677 1182 706 raro
1214 689 1261 693 ---—
1293 670 1419 716 atque
1437 669 1481 707 in
1497 668 1634 717 poetis
1650 667 1816 708 Latinis

257 741 507 789 plerumque
563 740 604 779 id
652 741 806 779 accidit
842 763 889 767 —-
928 742 1260 781 venustissimae
1304 743 1510 782 lectiones
1557 744 1822 792 spernuntur·

257 817 338 855 hoc
383 816 524 854 s'olum
571 818 836 866 argumento,
886 817 996 865 quod
1043 817 1086 855 in
1133 818 1346 857 codicibus
1391 819 1588 868 legantur
1634 829 1815 868 quorum

257 892 398 930 minor
443 892 501 930 sit
547 892 793 942 auctoritaS,
838 893 1031 931 codicum
1072 903 1174 932 vero
1214 895 1485 933 vetustorum
1532 895 1680 944 aperta
1708 894 1817 934 vitia

258 969 333 1006 aut
373 969 589 1007 mordicus
631 969 880 1018 retinentur,
925 970 1010 1019 aut,
1055 969 1096 1008 id
1128 970 1165 1008 si
1196 981 1369 1019 prorsus
1400 970 1682 1022 fieri-nequit,
1716 980 1815 1010 cum

257 1043 395 1082 multo
428 1044 581 1082 sudore
614 1045 741 1092 atque
772 1044 915 1082 labore
948 1045 1216 1093 excogitatur
1248 1045 1406 1094 aliquid
1439 1047 1549 1094 quod
1575 1046 1812 1096 literarum,

259 1129 364 1167 quas
396 1120 440 1157 hi
471 1120 687 1169 praebent,
722 1120 780 1158 sit
811 1131 941 1168 quam
973 1120 1259 1160 simillimum.
1289 1121 1370 1160 Sed
1396 1121 1458 1160 ita
1484 1121 1555 1170 qui
1582 1122 1715 1171 agunt
1730 1131 1816 1161 non

257 1196 528 1243 perspexisse
569 1195 769 1234 videntur
808 1206 934 1234 veras
967 1196 1288 1235 emendationes
1319 1198 1470 1245 sponte
1502 1207 1549 1235 se
1580 1197 1732 1236 offerre
1762 1197 1813 1246 ei,

258 1270 329 1318 qui
360 1271 493 1310 libera
524 1272 670 1310 mente
702 1272 773 1310 diu
804 1272 1075 1319 multumque
1108 1272 1151 1310 in
1183 1272 1323 1320 aliquo
1355 1274 1480 1321 poeta
1510 1272 1580 1311 vel
1610 1273 1817 1321 scriptore

257 1346 314 1384 sit
354 1348 565 1395 versatus,
609 1357 694 1385 non
735 1346 895 1385 invitas
935 1347 1137 1396 protrahi,
1176 1347 1355 1386 minime
1386 1336 1487 1386 vero
1519 1358 1574 1386 ex
1606 1349 1815 1397 corrupte-

257 1421 397 1460 larum
444 1422 563 1461 nasci
610 1422 909 1471 permixtione.
953 1422 1081 1461 Plura
1122 1423 1172 1461 de
1215 1423 1295 1462 hac
1325 1434 1370 1462 re
1402 1423 1484 1462 dici
1515 1424 1707 1473 possunt,
1741 1423 1815 1462 sed

258 1498 311 1535 ad
342 1498 609 1546 propositum
641 1498 827 1536 transeo.

316 1574 446 1612 Andr.
491 1574 521 1622 I,
560 1574 595 1622 1,
634 1574 668 1612 1.
712 1573 891 1619 Abite]
940 1574 1220 1622 „concitatius
1261 1574 1488 1622 legendum
1531 1576 1609 1624 est,
1643 1574 1743 1623 quia
1773 1575 1816 1614 et

257 1650 549 1697 respectantes
590 1650 818 1697 properant
860 1650 902 1687 et
943 1649 1146 1687 discernit
1183 1660 1208 1688 a
1240 1649 1402 1688 Sosia.”
1435 1649 1574 1688 Verba
1605 1651 1814 1698 corrupta,

258 1734 393 1772 neque
425 1724 562 1762 multo
589 1725 781 1772 praestat
798 1725 908 1772 quod
925 1724 1153 1762 Klotziana
1169 1724 1298 1763 habet
1318 1725 1691 1773 properanter
1717 1725 1815 1763 dis-

259 1798 441 1838 cernit
475 1802 562 1847 (pro
594 1810 663 1847 pr.
699 1800 750 1838 et
782 1799 952 1845 disc.):
986 1800 1085 1847 quid
1113 1800 1228 1838 enim
1255 1799 1370 1838 istud
1387 1799 1628 1848 significare
1643 1800 1817 1849 potest?

257 1874 416 1913 Veram
447 1874 677 1913 lectionem
707 1885 834 1913 nemo
867 1875 1142 1923 praestiterit.
1177 1875 1269 1914 Hoc
1294 1886 1429 1914 unum
1457 1876 1622 1914 certum
1649 1875 1818 1914 videtur

257 1960 331 1998 pro
363 1951 669 1998 properant
700 1950 857 1998 requiri
888 1950 1007 1988 verbi
1039 1951 1150 1998 quod
1182 1950 1513 1999 increpandi
1544 1951 1635 1990 vim
1661 1951 1818 1990 habeat
1886 1998 1899 2009 s

257 2025 486 2073 singularis
542 2026 710 2064 numeri
765 2026 940 2064 tertiam
996 2036 1237 2074 personam.
1286 2026 1354 2064 An
1399 2026 1507 2065 forte
1552 2026 1818 2075 properat

257 2100 497 2150 legendum,
526 2102 575 2139 ut
601 2111 903 2149 properare
931 2112 1108 2140 sensum
1136 2102 1317 2149 accipiat
1344 2102 1535 2140 activum
1562 2101 1702 2150 sitque
1728 2101 1816 2140 fere

258 2176 372 2214 idem
405 2186 454 2214 ac
485 2178 719 2224 urgere?

318 2253 356 2291 2.
400 2252 622 2291 Dictum
663 2254 809 2301 puta]
849 2253 940 2302 „Ad
971 2253 1052 2291 hoc
1083 2253 1310 2301 respondet
1340 2254 1389 2291 ut
1420 2252 1489 2300 agi
1521 2262 1590 2291 res
1621 2252 1817 2292 videatur

258 2328 621 2375 quemadmodum
663 2339 791 2376 supra
828 2328 1060 2367 diximus.’'
1095 2329 1207 2367 Sana
1237 2329 1343 2366 haec
1373 2328 1583 2377 videntur,
1618 2328 1692 2366 sed
1723 2338 1815 2367 sen-

257 2404 440 2442 tentiam
488 2404 777 2443 obscuriorem
823 2404 1005 2443 reddidit
1051 2405 1164 2443 istud
1208 2404 1270 2442 ad
1302 2404 1421 2452 hoc,
1457 2403 1567 2451 quod
1598 2403 1674 2442 vix
1705 2391 1814 2443 Lati-

257 2489 362 2517 num
405 2479 483 2517 est.
526 2479 618 2518 Hoc
658 2479 795 2518 Voluit
840 2479 1043 2528 scriptor:
1081 2479 1216 2528 „quod
1248 2478 1317 2517 hic
1348 2478 1522 2517 omnino
1554 2478 1723 2527 aliquod
1754 2489 1814 2518 re-

258 2564 465 2603 sponsum
493 2554 614 2593 Sosia
640 2555 883 2605 interponit,
913 2555 957 2593 in
984 2566 1034 2594 ea
1054 2565 1100 2593 re
1127 2554 1371 2603 agnoscitur
1397 2555 1548 2603 poetae
1575 2554 1813 2606 consilium,

259 2630 329 2677 qui
361 2641 453 2668 rem
486 2631 566 2680 agi,
600 2641 685 2669 non
717 2641 742 2669 a
773 2631 863 2669 solo
896 2631 1068 2669 Simone
1101 2629 1265 2668 narrari
1295 2629 1473 2668 voluit.'’
1508 2630 1643 2679 Supra
1669 2632 1816 2670 autem

258 2706 364 2745 haec
410 2706 523 2745 dicta
567 2708 690 2745 sunt:
738 2707 869 2756 „haec
910 2716 1039 2745 scena
1069 2716 1143 2754 pro
1176 2706 1419 2753 argumenti
1450 2707 1694 2746 narratione
1723 2715 1813 2755 pro-

258 2780 440 2830 ponitur,
469 2782 512 2820 in
539 2792 623 2830 qua
647 2782 928 2820 fundamenta
954 2781 1122 2820 fabulae
1148 2781 1372 2831 iaciuntur,
1401 2782 1449 2820 ut
1475 2781 1634 2821 virtute
1649 2782 1812 2831 poetae,

258 2856 351 2894 sine
383 2856 518 2895 officio
550 2857 711 2905 prologi
743 2857 812 2895 vel
843 2859 951 2894 θεῶν
983 2854 1061 2894 ἀπὸ
1093 2861 1269 2906 μηχανῆς
1301 2857 1344 2895 et
1375 2856 1620 2905 periocham
1651 2865 1812 2895 comoe-

259 2932 352 2970 diae
384 2933 564 2980 populus
594 2934 740 2971 teneat
773 2934 815 2971 et
847 2943 915 2971 res
947 2933 1015 2980 agi
1046 2932 1186 2979 magis
1219 2942 1349 2979 quam
1381 2932 1544 2971 narrari
1574 2931 1812 2970 videatur.”
