2002 3464
1021 407 1075 448 68

256 530 327 569 ubi
370 530 529 569 credo
567 541 697 579 quam
729 532 838 571 solet
869 531 1075 572 ironicam
1106 533 1197 572 vim
1228 534 1378 583 habet;
1413 535 1554 574 cetera
1584 534 1690 575 fient
1720 547 1809 586 per-

256 607 403 654 spicua
448 607 484 645 si
531 607 797 655 reputaveris
838 608 910 656 qui
951 608 1136 647 maiores
1177 620 1336 658 poenas
1377 612 1522 649 sumat
1563 620 1694 658 quam
1733 621 1809 660 pro

256 682 414 720 scelere
447 682 636 721 admisso
670 683 780 731 apud
812 683 934 722 illum
967 684 1096 723 debiti
1128 684 1285 733 aliquid
1317 686 1515 725 residere.

315 757 424 795 Tum
456 758 607 796 statim
639 758 790 796 Thais:
827 758 984 808 „Missa
1014 759 1120 798 haec
1150 760 1402 800 faciamus.’'
1435 761 1581 800 Haec
1607 761 1810 802 iocularia

257 835 300 871 et
339 832 491 871 futilia.
536 832 604 871 Sic
646 833 907 873 Scholiasta:
950 834 1213 874 rectissime:
1257 846 1341 874 non
1384 836 1499 875 enim
1531 836 1618 875 iam
1650 836 1811 877 Dorum

257 918 355 946 eum
388 909 573 956 appellat
603 909 673 947 vel
706 919 803 948 cum
836 920 884 948 eo
916 911 1140 958 tamquam
1174 921 1272 950 cum
1304 921 1428 950 servo
1461 912 1659 960 loquitur.

314 984 496 1022 Deinde:
533 984 652 1033 „Non
677 986 720 1023 te
748 985 936 1035 dignum,
966 985 1165 1035 Chaerea,
1193 986 1376 1025 fecisti.’'
1404 987 1570 1026 Nomen
1597 987 1810 1028 Chaereae

257 1059 318 1097 sic
363 1059 576 1098 adiectum
624 1060 1044 1099 commiserationem
1091 1062 1304 1109 quandam
1346 1062 1486 1101 habet.
1531 1062 1640 1101 Tum
1682 1074 1810 1102 suum

257 1135 483 1173 consilium
515 1136 625 1183 quod
657 1136 785 1174 fuerit
817 1136 1014 1185 exponit;
1048 1138 1287 1185 postremo:
1671 1131 1673 1133 ’

989 1211 1261 1251 Conturbasti
1292 1212 1400 1250 mihi

521 1286 725 1325 Rationes
757 1287 910 1336 omnis,
943 1288 992 1325 ut
1025 1297 1121 1326 eam
1153 1298 1238 1326 non
1269 1287 1432 1335 possim
1464 1287 1555 1331 suis

389 1362 487 1400 870.
521 1363 587 1401 Ita
618 1364 666 1401 ut
698 1373 879 1410 aequom
910 1362 1050 1401 fuerat
1081 1364 1208 1410 atque
1240 1364 1288 1401 ut
1319 1363 1463 1401 studui
1494 1364 1675 1413 tradere,

520 1437 579 1475 Ut
610 1437 795 1476 solidum
826 1447 1021 1486 parerem
1052 1438 1113 1476 mi
1145 1438 1224 1476 hoc
1254 1437 1520 1488 beneficium,
1557 1439 1758 1480 Chaerea.

313 1512 390 1560 Qui
416 1511 670 1551 beneficium
698 1512 812 1562 facit,
841 1513 878 1550 is
905 1513 985 1551 sibi
1013 1513 1122 1561 apud
1151 1523 1250 1551 eum
1268 1514 1334 1552 cui
1350 1514 1453 1553 facit
1469 1515 1654 1563 gratiam
1670 1516 1804 1564 parit;

252 1588 294 1625 et
335 1587 473 1635 gratia
514 1587 587 1626 illa
627 1588 819 1626 thesauri
860 1588 1082 1626 cuiusdam
1124 1589 1261 1627 instar
1302 1590 1379 1628 est.
1419 1589 1479 1628 Cf.
1512 1590 1804 1630 Herodoteum

251 1659 276 1711 ἡ
318 1662 425 1714 χάρις
467 1661 679 1701 ἀπόκειται.
721 1663 937 1702 Flebiliter
979 1674 1077 1711 ergo
1119 1665 1310 1711 queritur
1346 1664 1498 1703 Thais:
1532 1675 1807 1714 speraveram

250 1738 338 1776 fore
379 1740 427 1777 ut
467 1739 570 1777 illud
607 1737 865 1777 'beneficium
906 1739 1012 1777 mihi
1054 1739 1283 1778 thesaurus
1319 1740 1494 1787 quidam
1525 1739 1657 1790 fieret,
1691 1751 1803 1780 nunc

251 1815 297 1851 tu
329 1814 436 1852 mihi
469 1824 566 1852 eam
598 1824 720 1862 spem
752 1814 965 1853 ademisti.

311 1888 467 1927 Contra
499 1889 687 1928 Chaerea
719 1890 817 1935 (872
851 1893 980 1937 sqq.):

398 1966 456 2003 At
486 1975 598 2003 nunc
630 1964 781 2004 dehinc
813 1975 935 2013 spero
963 1967 1183 2004 aeternam
1215 1966 1326 2004 inter
1357 1976 1435 2005 nos
1466 1966 1652 2014 gratiam

399 2041 517 2089 Fore,
551 2040 693 2079 Thais.
727 2050 854 2088 saepe
886 2050 941 2078 ex
971 2040 1216 2078 huiusmodi
1247 2051 1292 2078 re
1325 2041 1526 2089 quapiam

400 2116 509 2154 Malo
541 2115 746 2163 principio
778 2125 937 2163 magna
967 2115 1240 2154 familiaritas

401 2190 648 2229 Conflatast.

251 2266 375 2304 Haud
412 2276 591 2314 parvam
628 2266 853 2314 emphasin
883 2265 1012 2304 habet
1043 2265 1146 2304 illud
1178 2267 1254 2304 at:
1289 2265 1475 2304 affirmat
1501 2267 1617 2304 enim
1638 2267 1806 2306 iuvenis

251 2342 423 2379 tantum
475 2341 624 2379 abesse
675 2342 724 2379 ut
765 2341 971 2379 damnum
1013 2341 1161 2379 fecerit
1202 2341 1331 2379 Thais
1371 2342 1420 2379 ut
1465 2341 1578 2379 haud
1623 2352 1807 2390 parvum

251 2416 418 2454 lucrum
460 2416 512 2454 ad
555 2426 650 2455 eam
692 2416 935 2470 perveniat:
979 2426 1053 2464 pro
1095 2415 1276 2454 solido
1318 2415 1602 2455 beneficio
1634 2417 1807 2456 habebit

253 2493 541 2529 aeternam
598 2492 853 2540 gratiam.
909 2492 989 2530 Sed
1041 2501 1196 2530 sanum
1243 2501 1337 2529 esse
1383 2491 1707 2531 huiusmodi
1752 2503 1807 2531 re

252 2567 511 2614 quapiam
552 2567 628 2604 vix
671 2567 793 2605 credo
831 2568 874 2605 et
915 2568 958 2605 in
999 2568 1091 2605 tam
1122 2567 1273 2614 lepidis
1304 2566 1528 2605 versiculis
1560 2567 1807 2616 languidam

252 2642 382 2680 istam
413 2642 642 2680 verborum
674 2642 916 2680 ubertatem
948 2652 1031 2680 non
1063 2642 1163 2691 fero,
1198 2642 1272 2679 sed
1305 2642 1404 2688 quid
1436 2652 1563 2690 agam
1594 2642 1751 2681 nescio.

310 2718 471 2755 Ludere
508 2719 656 2755 tamen
688 2718 730 2755 et
762 2717 952 2756 deridere
983 2716 1132 2756 fictum
1163 2716 1417 2755 Eunuchum
1448 2717 1586 2765 pergit
1612 2717 1803 2767 Pythias,

253 2792 530 2839 consultoque
561 2802 625 2830 vs,
661 2792 769 2830 882:

399 2867 456 2905 Te
488 2877 654 2915 quoque
685 2867 773 2905 iam
806 2868 947 2917 Thais,
981 2868 1044 2906 ita
1073 2877 1144 2905 me
1177 2867 1217 2904 di
1247 2866 1354 2904 bene
1387 2868 1545 2916 ament,
1580 2877 1690 2906 amo.

251 2941 367 2979 Haec
409 2943 517 2990 grati
561 2942 692 2980 animi
736 2943 922 2981 testandi
964 2942 1148 2980 formula
1192 2944 1260 2990 „te
1303 2943 1428 2980 amo'’
1473 2943 1647 2990 (gratias
1689 2934 1804 2981 enim
