2002 3464
895 373 949 414 51

134 506 286 547 lectio:
316 515 418 555 quo
444 504 547 544 ille
573 503 714 541 hinc.
743 502 821 541 Est
847 503 996 541 autem
1022 502 1136 541 nisi
1168 502 1215 541 si
1243 501 1439 551 ignorare
1467 512 1514 541 se
1530 500 1710 541 fatentis

137 585 180 623 et
214 583 342 633 plane
372 579 631 633 ἀποροῦντος,
662 578 726 618 ita
757 579 907 617 tamen
938 580 987 617 ut
1013 578 1092 617 sibi
1121 589 1258 617 unum
1285 578 1419 618 etiam
1446 579 1610 618 restare
1639 589 1708 617 ex-

136 659 428 709 perimentum
459 654 684 706 significet,
719 655 846 703 idque
877 665 1036 704 parvae
1068 656 1172 704 spei.

196 735 433 783 Postquam
460 733 639 772 domum
665 742 793 771 suam
820 731 926 770 abiit
952 731 1175 781 Phaedria,
1205 742 1342 781 pauca
1369 733 1503 771 etiam
1530 732 1711 781 Pythias

137 821 238 851 cum
262 810 445 864 Doriade
471 809 682 858 loquitur:
715 807 955 857 „miserae”
985 808 1047 846 ait
1077 818 1189 857 „non
1215 808 1260 847 in
1276 810 1471 847 mentem
1488 809 1710 847 venerat.’'

137 886 406 936 cogitatione
431 885 676 925 addendum
704 885 793 924 est:
827 882 945 934 „fieri
971 884 1165 932 potuisse
1191 885 1241 923 ut
1257 884 1490 924 simulatus
1507 884 1579 924 ille
1597 886 1713 923 esset

136 962 412 1004 Eunuchus.”

684 1213 831 1254 Aeros
863 1214 922 1253 IV
954 1214 1098 1254 SGENA
1130 1215 1171 1254 4.

196 1340 334 1381 Domo
361 1340 473 1379 redit
498 1340 710 1379 Phaedria
735 1350 885 1379 secum
912 1340 1091 1380 trahens
1118 1341 1387 1391 Eunuchum,
1406 1351 1560 1380 verum
1577 1341 1713 1391 illum,

137 1417 384 1466 nulliusque
401 1417 483 1456 sibi
501 1417 651 1466 culpae
668 1418 902 1467 conscium,
917 1418 1119 1457 indutum
1132 1418 1266 1457 etiam
1279 1417 1494 1457 Chaereae
1505 1418 1714 1457 vestibus,

138 1493 350 1534 Convitiis
386 1495 537 1538 onerat
566 1494 779 1533 miserum
811 1494 1035 1533 hominem
1068 1495 1111 1533 et
1143 1494 1240 1533 aliis
1273 1495 1317 1533 et
1348 1495 1439 1533 his:
1477 1495 1713 1544 „Fugitive‚

138 1569 255 1615 male
297 1570 565 1610 conciliate.'’
609 1569 934 1610 Conciliare
977 1572 1045 1610 est
1085 1571 1268 1610 verbum
1301 1571 1593 1611 contractibus
1624 1582 1715 1620 pro-

137 1627 281 1696 prium
313 1648 357 1686 et
386 1647 552 1696 passim
585 1647 636 1686 de
669 1647 888 1696 emptione
915 1649 1196 1696 usurpatum;
1230 1648 1375 1687 male
1404 1648 1717 1687 conciliate

139 1733 240 1773 ergo
282 1724 372 1763 est:
423 1723 583 1772 „nimio
626 1723 763 1772 pretio
797 1724 984 1773 empte,’'
1018 1724 1062 1762 in
1095 1724 1249 1773 quibus
1280 1724 1424 1763 verbis
1456 1725 1587 1764 simul
1621 1735 1714 1764 con-

138 1799 298 1838 vitium
339 1799 454 1838 inest
495 1800 539 1838 et
582 1800 939 1839 commemoratio
982 1800 1082 1839 doni
1119 1801 1297 1849 pretiosi
1330 1800 1481 1840 Thaidi
1514 1801 1616 1840 dati.
1651 1801 1717 1840 Ad

139 1885 270 1914 suum
318 1875 480 1914 donum
526 1875 791 1915 laudandum
839 1876 973 1915 etiam
1015 1877 1130 1922 (670)
1178 1887 1252 1925 „os
1293 1862 1342 1915 ut
1383 1877 1466 1916 sibi
1508 1877 1716 1917 detorsst'’

140 1951 352 1991 Phaedria
392 1951 508 2001 dicit,
552 1952 677 2000 quasi
713 1953 814 1991 ante
845 1952 1022 2001 pulcher
1052 1953 1184 1992 fuerit
1215 1954 1259 1992 et
1291 1954 1430 2000 (684):
1468 1964 1608 2003 „nunc
1638 1954 1718 1993 tibi

139 2026 316 2066 videtur·
351 2027 545 2067 foedus”
590 2028 674 2074 (Sic
715 2028 805 2068 fere
824 2068 828 2070 ,
848 2029 1117 2076 Scholiasta).
1157 2028 1360 2069 Ceterum
1392 2030 1643 2079 fugitive
1676 2032 1719 2069 et

141 2103 286 2144 male
327 2104 641 2144 conciliate
684 2106 777 2144 arte
819 2105 1073 2145 cohaerent:
1111 2106 1400 2155 fugitivus
1432 2107 1549 2146 enim
1582 2107 1717 2146 redhi-

141 2180 306 2220 bendus
347 2181 427 2220 est.
470 2180 580 2230 Ergo
623 2181 788 2220 duobus
830 2181 899 2221 his
942 2182 1143 2222 convitiis
1185 2183 1390 2223 alluditur
1432 2184 1485 2222 ad
1527 2183 1719 2222 actiones

142 2256 255 2306 apud
286 2256 470 2296 aedilem
503 2257 963 2304 (redhibitoriam
997 2259 1040 2297 et
1072 2259 1271 2307 quanti
1303 2260 1572 2306 minoris).

201 2333 484 2373 Pertinaciter
539 2335 670 2383 negat
721 2334 902 2383 Pythias
949 2335 1073 2373 11111111
1120 2335 1377 2374 Eunuchum
1425 2336 1720 2375 introductum

143 2421 169 2450 a
210 2411 500 2460 Parmenone;
545 2412 799 2451 convincere
842 2422 940 2451 eam
982 2413 1128 2452 studet
1166 2413 1388 2452 Phaedria.
1423 2413 1615 2452 Tandem
1648 2414 1722 2452 illa

145 2488 245 2534 (685
278 2491 410 2537 sqq.):

412 2564 524 2605 Tace
555 2566 754 2606 obsecro:
789 2566 913 2615 quasi
943 2577 1047 2606 vero
1078 2567 1257 2616 paulum
1290 2567 1402 2606 inter
1434 2567 1530 2607 siet.

413 2641 479 2681 Ad
510 2652 589 2682 nos
621 2643 830 2682 deductus
862 2643 1034 2683 hodiest
1065 2643 1425 2694 adolescentulus,

415 2717 551 2767 Quem
581 2720 631 2758 tu
661 2719 808 2758 videre
840 2730 942 2759 vero
975 2719 1124 2770 velles7
1158 2720 1382 2760 Phaedria.

146 2794 325 2844 Semper
380 2795 425 2834 in
475 2806 540 2835 VS.
589 2797 672 2836 687
722 2797 901 2836 haereo:
952 2796 1118 2847 Quem
1164 2798 1223 2836 tu
1269 2798 1466 2837 videre
1512 2799 1719 2851 velles,

145 2871 437 2911 Phaedria.
482 2871 650 2921 Aliquis
691 2874 785 2913 tam
826 2874 1003 2923 pulcher
1045 2884 1141 2913 esse
1183 2876 1339 2924 potest,
1383 2877 1432 2914 ut
1474 2876 1545 2924 qui
1587 2877 1724 2916 semel

144 2948 255 2988 vidit
297 2949 457 2988 iterum
499 2949 644 2989 videre
677 2951 833 2999 cupiat.
869 2951 950 2990 Sed
983 2951 1103 2999 quod·
1126 2951 1196 2990 hic
1227 2951 1385 3000 legitur
1416 2952 1467 2990 de
1499 2952 1722 3003 Phaedria,
1766 2951 1769 2962 ²
