2002 3464
909 363 991 402 123

159 489 388 530 collatione
428 499 632 540 apparere
668 489 801 529 aliam
831 489 967 529 fuisse
998 489 1230 528 lectionem
1262 499 1284 528 e
1317 499 1401 537 qua
1428 490 1628 538 corrupta
1659 490 1734 528 illa

158 565 432 606 vitiatum
473 559 626 606 amor'
636 576 659 605 e
700 567 805 606 nata
844 566 914 616 sit,
958 565 1075 604 illius
1116 566 1267 604 tamen
1308 565 1526 605 sententia
1561 565 1734 604 diversa

159 651 256 682 esse
296 653 383 682 non
422 642 564 692 potuit
604 642 656 681 ab
699 652 762 692 ea,
806 652 938 691 quam
969 641 1227 690 Wielingius
1258 642 1463 681 restituit.
1497 641 1550 681 Et
1581 652 1732 680 veram

158 718 312 759 scholii
357 719 621 758 sententiam
668 728 768 758 cum
815 718 1039 767 habemus,
1083 717 1326 756 desiderare
1368 718 1458 756 iam
1498 727 1732 766 possumus

157 794 278 834 nihil.
320 794 416 834 Non
456 794 573 834 enim
614 804 685 834 res
727 794 850 833 nobis
893 795 960 833 est
1002 804 1101 832 cum
1143 793 1322 833 Platone
1365 794 1506 842 aliquo
1538 794 1608 833 vel
1640 794 1731 833 Ari-

157 870 381 921 stophane,
415 870 537 910 cuius
569 871 740 920 singula
766 871 898 910 verba
924 870 1091 920 pondus
1117 870 1317 919 habeant,
1347 870 1423 908 sed
1450 880 1550 909 cum
1576 869 1733 909 Donati

158 945 449 997 compilatore,
483 947 632 986 sedulo
665 947 839 995 quidem
871 947 1047 986 homine
1080 947 1155 986 sed
1186 957 1341 995 parum
1373 945 1546 985 diserto,

215 1022 336 1063 Adel.
361 1013 445 1074 IV,
481 1024 519 1074 7,
554 1024 624 1063 33.
658 1023 782 1063 Micio
813 1024 995 1063 fratrem
1027 1034 1230 1063 severum
1262 1023 1444 1062 ludibrio
1477 1023 1629 1061 habet:
1663 1022 1732 1061 hic

155 1095 273 1141 enim
304 1100 500 1140 omnium
532 1111 678 1139 rerum
711 1101 887 1150 ignarus
913 1099 1064 1150 filium,
1094 1111 1223 1149 quem
1250 1100 1421 1139 Micioni
1438 1100 1731 1149 adoptandum

154 1176 330 1227 dederit,
357 1187 445 1216 non
469 1187 653 1216 uxorem
680 1178 823 1217 solum
845 1178 1023 1216 duxisse
1041 1188 1172 1226 quam
1190 1177 1295 1216 olim
1312 1177 1511 1216 habuerit
1528 1176 1729 1226 amicam,

154 1253 231 1298 sed
270 1255 443 1303 praeter
482 1254 595 1293 hanc
636 1253 770 1293 etiam
811 1254 1039 1303 psaltriam
1071 1254 1290 1302 quandam
1322 1264 1397 1303 pro
1429 1264 1563 1293 uxore
1595 1254 1732 1302 patris

153 1329 345 1380 adoptivi
385 1329 502 1370 domi
542 1330 700 1369 habere
738 1330 894 1379 credit;
928 1330 1050 1369 illam
1082 1330 1261 1369 alterius
1294 1340 1390 1369 esse
1421 1329 1510 1379 filii,
1545 1341 1674 1378 quem
1707 1341 1732 1370 a

153 1415 202 1445 se
242 1405 422 1454 antiqua
462 1406 695 1446 severitate
738 1407 942 1446 eductum
984 1406 1158 1455 gloriari
1200 1406 1350 1456 soleat,
1395 1417 1448 1445 ne
1486 1406 1732 1455 suspicatur

153 1481 340 1531 quidem.
382 1481 445 1522 De
485 1482 560 1522 illa
601 1484 749 1522 autem
790 1483 972 1532 psaltria
1003 1482 1367 1522 iucundissimum
1399 1482 1480 1521 hoc
1512 1483 1623 1531 apud
1655 1482 1728 1522 Te-

147 1558 344 1606 rentium
373 1558 561 1598 fratrum
592 1559 805 1598 habemus
838 1540 1112 1608 colloquium.
1146 1559 1230 1598 Ubi
1262 1559 1425 1598 Demea
1456 1559 1589 1598 dixit:

364 1651 366 1654 >
391 1634 549 1684 Aliquo
581 1635 820 1675 abiicienda
851 1637 930 1685 est,
965 1636 1003 1674 si
1034 1646 1120 1675 non
1151 1636 1289 1684 pretio
1322 1637 1368 1675 at
1399 1636 1551 1684 gratiis

153 1709 279 1751 Micio

392 1788 539 1837 Neque
571 1790 650 1838 est,
684 1799 823 1837 neque
854 1789 976 1828 illam
1007 1799 1122 1843 sanev
1145 1790 1296 1828 studeo
1328 1789 1515 1828 vendere

154 1864 229 1904 ait.
271 1863 412 1914 Rogat
451 1863 636 1904 Demea:
684 1864 818 1914 „Quid
855 1865 986 1914 igitur
1017 1865 1150 1904 facies
1162 1866 1210 1904 ‘?'’
1245 1866 1295 1905 et'
1319 1866 1443 1905 Micio
1475 1866 1728 1914 respondet:

158 1939 311 1991 „Domi
341 1941 465 1980 erit”.
499 1941 582 1980 Hic
612 1941 775 1980 Demea
806 1942 1047 1981 exclamat:

164 2000 165 2003 Ἴ
910 2018 991 2057 Pro
1024 2019 1154 2058 deum
1185 2018 1337 2058 fidem!

393 2094 597 2134 Meretrix
630 2098 673 2134 et
705 2095 1037 2134 materfamilias
1069 2106 1156 2134 una
1183 2096 1227 2134 in
1259 2096 1386 2135 domo

213 2170 269 2211 M.
302 2169 386 2210 Cur
411 2171 530 2211 non?
556 2170 608 2210 D.
638 2171 801 2210 Sanum
828 2173 871 2211 te
899 2173 1037 2211 credis
1065 2173 1194 2211 esse?
1221 2172 1276 2212 M.
1305 2173 1514 2221 Equidem
1532 2173 1727 2212 arbitror.

213 2245 265 2287 D.
303 2247 372 2287 Ita
400 2257 472 2286 me
502 2246 554 2286 Di
586 2249 746 2298 ament,
780 2249 830 2287 ut
860 2249 985 2287 video
1018 2259 1096 2297 ego
1128 2250 1251 2287 tuam
1284 2249 1506 2298 ineptiam,

301 2323 536 2364 Facturum
569 2325 705 2375 credo,
739 2326 788 2364 ut
819 2325 980 2364 habeas
1013 2326 1187 2374 quicum
1220 2325 1418 2365 cantites.

212 2399 269 2439 M.
302 2399 387 2440 Cur
410 2402 529 2440 non?
555 2401 606 2441 D.
634 2402 688 2440 Et
713 2412 827 2441 nova
851 2403 987 2451 nupta
1004 2403 1158 2441 eadam
1175 2403 1280 2442 haec
1298 2402 1447 2442 discet.
1467 2402 1522 2441 M.
1543 2402 1727 2442 Scilicet.

214 2475 264 2516 D.
302 2476 367 2516 Tu
399 2477 511 2516 inter
542 2488 616 2517 eas
647 2478 801 2518 restim
833 2479 1016 2517 ductans
1048 2478 1241 2518 saltabis.
1276 2478 1330 2518 M.
1364 2479 1512 2518 Probe.

152 2552 220 2591 Ad
261 2553 315 2592 et
355 2563 497 2593 nova
527 2556 702 2603 nupta
734 2555 925 2594 eadem
957 2555 1093 2594 haec
1125 2555 1310 2594 discet
1342 2555 1449 2594 haec
1481 2555 1730 2594 invenimus

153 2630 384 2668 annotata:
431 2630 580 2679 „Alius
622 2632 850 2671 subaudiet
885 2631 1096 2671 Dicere.
1131 2632 1225 2681 Sed,
1261 2642 1284 2671 o
1316 2642 1477 2680 magna
1510 2631 1553 2669 in
1584 2631 1728 2670 verbis

153 2705 380 2755 elegantia,
414 2706 512 2746 vide
544 2707 660 2746 enim
687 2718 819 2756 quam
845 2708 937 2746 vim
965 2706 1179 2756 significet
1206 2708 1412 2747 Discet.
1442 2708 1495 2747 Et
1522 2708 1615 2746 ideo
1643 2718 1728 2746 non
1753 2757 1757 2762 .

152 2791 294 2821 uxor
323 2782 399 2821 sed
430 2793 572 2822 nova
602 2786 797 2834 nupta,
831 2795 963 2833 quam
996 2785 1048 2823 ad
1081 2784 1228 2824 omnia
1259 2785 1442 2824 docilem
1460 2795 1556 2823 esse
1583 2785 1727 2833 ipsum

153 2856 315 2897 indicat
346 2859 547 2898 nomen.”
580 2859 700 2899 Bona
731 2862 799 2899 est
830 2860 1053 2899 annotatio
1085 2861 1161 2899 sed
1194 2862 1322 2909 caput
1354 2860 1447 2899 eius
1474 2861 1632 2899 misere
1660 2862 1728 2900 est

152 2934 418 2986 mutilatum,
462 2934 533 2974 vel
573 2936 715 2985 potius
756 2947 832 2987 pro
875 2936 1015 2987 capite
1056 2937 1214 2975 vulnus
1245 2937 1469 2976 habemus.
1503 2937 1725 2985 integrum
