2002 3464
1001 382 1055 421 96

255 503 345 552 Qua
389 514 493 543 voce
539 505 652 544 dicta
698 506 804 545 haec
843 506 931 546 sint
971 517 1098 546 nemo
1138 508 1294 546 melius
1325 508 1474 547 docere
1505 510 1646 557 potest
1678 520 1808 558 quam

254 579 505 628 Scholiasta,
540 581 660 619 cuius
690 582 796 620 haec
827 582 958 621 verba
989 584 1111 621 sunt:
1145 584 1345 632 „Hodie
1371 595 1457 623 non
1483 585 1655 633 tempus
1681 584 1807 633 signi·
1853 580 1857 584 ⁴

252 656 353 696 ficat
383 658 457 695 sed
490 657 739 696 iracundam
771 658 1060 706 eloquentiam
1091 669 1140 697 ac
1171 660 1487 699 stomachum.”

313 731 691 770 Gerundivum
731 742 860 770 suum
901 733 982 771 sibi
1018 727 1119 783 ἦθος
1145 734 1294 773 habet:
1324 745 1374 773 ea
1398 734 1535 783 figura
1559 735 1810 784 plerumque

253 808 304 846 ab
336 791 665 846 illo'adhibetur
697 808 768 856 qui
799 809 1077 848 stomachans
1109 810 1159 848 de
1190 810 1311 858 gravi
1338 801 1808 858 quadam‘necessitate

252 883 438 931 loquitur
479 894 610 931 quam
649 884 787 923 vitare
829 895 875 925 se
917 895 1002 924 non
1032 895 1158 934 posse
1190 896 1317 934 saepe
1350 886 1408 925 sit
1439 887 1655 934 expertus.
1692 886 1808 935 „Mos

251 959 482 1006 gerendust
528 959 706 997 Thaidi’'
754 960 797 998 in
844 960 1046 999 Eunucho
1090 971 1188 999 cum
1228 961 1392 1010 gemitu
1432 961 1642 1003 Phaedria
1682 961 1807 1010 dicit;

252 1034 491 1082 similisque
537 1035 750 1082 Pamphili
796 1035 840 1073 in
884 1036 1046 1074 Andria
1092 1036 1262 1075 auditur
1293 1036 1480 1085 gemitus
1511 1047 1609 1075 cum
1640 1038 1808 1086 patrem

252 1109 333 1147 sibi
363 1110 490 1148 modo
523 1110 684 1148 dixisse
716 1111 863 1149 narrat
895 1113 972 1156 (vs.
1007 1111 1128 1157 254):

556 1185 677 1224 Uxor
707 1185 785 1224 tibi
816 1186 1062 1235 ducendast,
1096 1186 1330 1236 Pamphile,
1364 1187 1501 1226 hodie.

251 1261 443 1298 Annotat
470 1261 731 1299 Scholiasta:
764 1261 892 1310 „Mire
919 1262 1190 1300 ducenda:
1220 1272 1390 1310 semper
1416 1262 1496 1319 hoc
1522 1273 1657 1310 genus
1684 1263 1806 1302 decli-

251 1335 438 1374 nationis
493 1336 799 1375 necessitatem
847 1337 1085 1375 ·ostendit.’'
1142 1337 1194 1375 Et
1250 1337 1340 1375 iure
1387 1347 1514 1376 suum
1560 1338 1698 1376 mire
1738 1338 1808 1376 hic

250 1411 391 1459 ponit:
439 1421 524 1450 non
576 1412 693 1450 enim
732 1413 900 1460 poterat
941 1412 1123 1451 inveniri
1165 1412 1322 1460 aliquid
1364 1413 1474 1460 quod
1516 1414 1807 1461 spectatorum

250 1486 354 1525 risui
401 1487 612 1525 movendo
659 1487 801 1536 aptius
843 1489 959 1526 esset
1009 1497 1140 1535 quam
1190 1488 1264 1526 illa
1305 1488 1565 1526 inevitabilis
1607 1488 1711 1527 mali
1753 1488 1805 1526 si-

250 1560 479 1609 gnificatio.

308 1637 542 1676 Nostin?
588 1638 688 1685 quid
735 1638 817 1676 sibi
863 1637 969 1676 velit
1015 1637 1236 1676 annotatio
1282 1638 1334 1677 ad
1375 1639 1506 1677 Andr.
1551 1639 1634 1677 441
1669 1638 1803 1678 docet.

251 1712 367 1751 Simo
397 1714 597 1760 paratum
628 1713 716 1751 iam
749 1723 844 1751 esse
875 1712 1013 1751 filium
1045 1713 1097 1751 ad
1129 1713 1366 1752 ducendam
1396 1713 1609 1761 virginem
1636 1724 1661 1752 a
1685 1715 1807 1762 patre

249 1787 329 1826 sibi
366 1787 628 1826 destinatam
662 1787 894 1826 affirmanti
931 1798 1055 1826 servo
1088 1788 1257 1826 credere
1288 1787 1459 1836 incipit;
1492 1789 1630 1827 restat
1659 1789 1807 1827 tamen

249 1863 473 1911 scrupulus
505 1863 672 1913 aliquis,
706 1874 806 1912 ergo
837 1864 960 1912 rogat
989 1874 1053 1902 vs.
1087 1864 1171 1902 438
1205 1874 1291 1911 sq.:

449 1939 563 1977 Num
595 1939 657 1977 illi
688 1939 898 1978 molestae
929 1939 1149 1987 quidpiam
1180 1939 1261 1977 hae
1291 1940 1395 1977 sunt
1425 1939 1599 1987 nuptiae

448 2014 639 2053 Huiusce
670 2015 841 2063 propter
873 2014 1227 2053 consuetudinem
1259 2014 1485 2062 hospitae?

247 2089 492 2138 Respondet
521 2090 689 2128 Davus:

448 2165 517 2203 Nil
548 2165 709 2204 hercle:
744 2167 830 2216 aut,
865 2166 902 2204 si
935 2166 1052 2215 adeo,
1081 2165 1241 2204 biduist
1272 2166 1347 2203 aut
1377 2165 1507 2203 tridui

449 2241 568 2279 Haec
598 2241 862 2280 sollicitudo:
895 2241 1041 2280 nosti?
1073 2240 1223 2279 deinde
1254 2240 1432 2278 desinet.

246 2316 438 2354 Annotat
474 2316 736 2355 Scholiasta:
772 2316 847 2365 „In
879 2315 1237 2365 significationem
1267 2315 1517 2364 multorum,
1551 2325 1660 2363 quae
1691 2325 1802 2354 com-

246 2391 399 2439 pendio
430 2391 614 2431 facimus
645 2392 835 2430 nostin
865 2392 1090 2431 dicimus.'’

305 2467 449 2515 Longe
490 2467 600 2505 alius
640 2467 810 2505 videtur
852 2467 1045 2506 eiusdem
1085 2466 1282 2506 vocabuli
1315 2466 1428 2505 color
1459 2466 1564 2504 Eun.
1598 2466 1697 2516 405,
1730 2466 1803 2505 ubi

246 2541 373 2579 miles
416 2551 464 2580 eo
495 2541 632 2580 utitur
663 2543 706 2580 et
737 2541 977 2580 Scholiasta
1008 2542 1207 2580 annotat:
1249 2540 1403 2590 „Grate
1435 2541 1649 2589 expressit
1679 2541 1802 2580 stulti

245 2616 474 2655 infantiam
518 2616 683 2665 militiS,
731 2614 803 2664 qui
849 2618 949 2655 ante
994 2617 1088 2655 vult
1127 2616 1319 2665 intelligi,
1353 2616 1463 2663 quod
1494 2616 1638 2665 sentit,
1671 2626 1802 2664 quam

246 2692 337 2740 ipse
378 2691 532 2730 dicat.”
576 2692 634 2730 At
674 2702 810 2739 neque
851 2691 997 2730 Davus
1037 2701 1174 2739 neque
1215 2691 1341 2729 miles
1384 2691 1483 2738 quid
1515 2691 1628 2730 dicat
1657 2691 1798 2740 habet,

247 2767 396 2805 volunt
440 2768 589 2805 tamen
633 2767 769 2805 videri
814 2767 953 2806 multa
999 2767 1137 2805 dicere
1182 2776 1308 2814 posse
1349 2766 1436 2815 sed,
1469 2776 1523 2804 ne
1554 2766 1668 2814 longi
1699 2765 1798 2814 sint,

245 2842 445 2880 omittere
475 2841 688 2890 pleraque.

305 2916 443 2954 Verba
475 2917 601 2964 quid
633 2916 799 2955 istic?
831 2915 1074 2965 significant
1101 2915 1287 2963 aliquem
1314 2917 1386 2964 qui
1406 2917 1514 2955 irato
1531 2916 1798 2955 obstinatove
