2002 3464
1033 405 1113 442 196

349 529 415 566 26.
450 527 676 567 Exclamat
707 528 981 576 Pamphilus:

467 604 602 652 Quam
633 604 877 642 fortunatus
909 604 1062 642 ceteris
1093 613 1191 642 sum
1222 605 1359 653 rebus,
1395 605 1553 652 absque
1586 616 1671 645 una
1705 606 1786 645 hac

1701 681 1848 727 [foretz

289 754 429 792 Facile
471 754 724 802 intelligitur
764 754 1014 802 pronomine
1057 754 1156 793 hac
1199 755 1238 800 (i.
1258 765 1292 794 e.
1336 756 1435 794 hac
1470 758 1538 802 re)
1572 756 1850 805 Pamphilum

289 829 528 877 significare
570 829 725 868 vitium
761 829 886 867 uxori
917 839 1020 867 suae
1053 829 1155 867 olim
1188 830 1391 870 oblatum.
1425 831 1518 869 Non
1549 832 1697 870 tamen
1728 831 1849 871 intel-

288 905 487 943 lexerunt
528 905 650 943 stulti
691 904 889 943 homines
931 905 981 943 de
1023 905 1175 952 quibus
1217 905 1260 943 in
1303 906 1477 945 scholiis
1508 907 1716 955 legimus:
1753 907 1852 956 „alii

291 981 390 1019 hac
422 982 472 1019 de
503 991 636 1020 uxore
668 981 750 1019 dici
781 982 935 1029 putant
965 982 1014 1019 ut
1045 981 1252 1029 absque
1284 982 1341 1021 sit
1372 983 1673 1031 praepositio?

350 1138 418 1187 IV,
454 1139 492 1186 3,
528 1139 566 1176 7.
599 1139 779 1187 „Pater”
807 1138 1058 1187 Pamphilus
1087 1139 1258 1188 clamat,
1288 1140 1330 1177 et
1356 1140 1449 1178 ille:
1482 1140 1607 1188 „quid
1633 1140 1702 1178 vis
1727 1139 1850 1179 Pam-

288 1213 402 1260 phile
414 1214 461 1251 ‘?”
519 1214 783 1252 Annotatur:
845 1214 1007 1263 „facete
1063 1215 1233 1262 praesto
1291 1215 1418 1262 quid
1474 1215 1560 1253 vis
1607 1198 1849 1264 respondet.

288 1276 491 1327 Potestne
537 1291 764 1338 praesto
806 1289 1046 1338 significare
1089 1291 1320 1329 statim?
1362 1291 1446 1329 Vix
1488 1291 1699 1330 credibile.
1745 1291 1851 1340 Quid
1889 1302 1892 1306 ’

290 1374 389 1412 ergo
421 1364 503 1402 sibi
534 1365 628 1403 vult
659 1365 883 1404 scholion?

353 1440 417 1478 11.
482 1439 613 1478 Credo
636 1450 686 1478 ea
707 1441 845 1488 gratia
867 1441 1094 1478 concordes
1116 1441 1267 1490 magis,
1293 1441 1329 1479 si
1351 1451 1435 1479 non
1451 1442 1668 1491 reducam,
1687 1442 1790 1480 fore.

290 1515 610 1553 Eliminandum
642 1526 736 1553 esse
768 1526 884 1564 non,
918 1517 966 1553 ut
994 1515 1153 1553 credo
1181 1525 1306 1553 suam
1323 1515 1404 1553 sibi
1420 1496 1599 1554 haberet
1615 1517 1707 1555 vim
1724 1516 1848 1556 ironi-

292 1601 399 1639 cam,
434 1591 594 1629 dudum
626 1590 894 1628 intellectum
927 1591 1004 1628 est.
1039 1590 1236 1628 Nondum
1267 1590 1435 1628 viderat
1466 1591 1621 1629 scholii
1654 1591 1706 1630 ad
1737 1592 1850 1631 hunc

291 1665 433 1704 locum
467 1667 625 1704 auctor.

355 1742 419 1779 13.
458 1741 640 1789 „Odiosa
665 1741 770 1778 haec
797 1741 863 1778 est
889 1741 1009 1778 aetas
1038 1739 1409 1778 adolescentulis.”
1439 1740 1561 1779 Senis
1587 1740 1718 1780 verba
1746 1741 1852 1780 haec

292 1817 406 1854 sunt.
434 1816 699 1854 Annotatur:
733 1825 887 1864 „supra
912 1816 956 1853 in
981 1825 1211 1863 personam
1237 1825 1385 1853 socrus
1412 1815 1582 1863 culpam
1603 1816 1739 1855 iratus
1757 1826 1850 1855 con-

292 1893 448 1931 tulerat
497 1893 753 1931 discordiae:
796 1902 909 1930 nunc
950 1892 993 1930 et
1022 1891 1147 1930 uxori
1187 1891 1381 1939 placatus
1424 1892 1467 1929 et
1507 1892 1633 1930 nurui
1672 1902 1851 1941 parcens

294 1969 488 2007 odiorum
516 1979 692 2007 causam
719 1979 743 2006 a
768 1967 963 2016 personis
988 1966 1212 2005 transtulit
1238 1967 1290 2004 ad
1317 1967 1494 2015 aetates,
1524 1967 1599 2005 sed
1626 1967 1687 2006 ita
1702 1968 1851 2006 tamen

292 2047 341 2084 ut
366 2046 506 2093 magis
533 2045 719 2084 iuniores
747 2045 980 2093 accusaret,
1010 2044 1048 2081 ei
1075 2043 1125 2081 de
1153 2042 1492 2081 adolescentibus
1510 2043 1698 2093 questus,
1717 2053 1851 2092 quum

293 2122 525 2160 miseratur
580 2120 747 2159 senes.'’
795 2119 919 2157 Nullo
966 2118 1135 2166 negotio
1182 2118 1226 2156 in
1271 2118 1487 2165 integrum
1532 2118 1613 2156 hoc
1659 2118 1852 2158 scholion

294 2197 463 2235 restitui
519 2197 672 2244 potest.
731 2196 810 2234 Pro
868 2195 915 2233 ei
968 2194 1083 2232 enim
1129 2193 1185 2238 (id
1231 2193 1340 2240 quod
1386 2193 1474 2231 iam
1520 2193 1688 2247 monuit
1731 2193 1850 2233 Wes-
1905 2214 1907 2216 -

294 2272 528 2317 terhovius)
591 2282 612 2310 e
624 2273 643 2310 t
704 2271 944 2319 legendum,
1003 2279 1078 2318 pro
1135 2279 1160 2316 q
1171 2279 1199 2307 u
1210 2278 1238 2306 u
1249 2278 1295 2306 m
1350 2268 1454 2306 mis
1467 2278 1490 2306 e
1501 2279 1522 2306 r
1534 2278 1559 2306 a
1570 2269 1589 2307 t
1599 2278 1627 2306 u
1638 2279 1681 2307 r:
1739 2279 1850 2308 com-

293 2347 572 2386 miseraretur
593 2342 633 2392 1).

352 2496 421 2545 IV,
456 2497 495 2545 4,
530 2497 569 2534 4.
943 2495 1186 2543 Opportune
1216 2495 1260 2532 te
1290 2494 1399 2532 mihi

470 2571 688 2620 Phidippe‚
722 2571 766 2609 in
797 2571 889 2619 ipso
920 2572 1113 2619 tempore
1145 2570 1348 2608 ostendis.

296 2647 390 2685 Sch.
435 2647 487 2685 in
530 2647 649 2694 ipso
690 2647 955 2694 tempore]
1003 2645 1117 2695 „tibi‚
1156 2645 1197 2682 id
1230 2646 1307 2694 est,
1343 2645 1385 2683 et
1416 2644 1524 2683 mihi
1556 2646 1599 2683 et
1629 2644 1707 2684 tibi
1737 2654 1848 2684 com-

294 2722 419 2761 mode
452 2722 676 2760 evenisti'’.
709 2722 835 2759 Haud
867 2721 990 2759 dubie
1021 2731 1113 2759 rem
1146 2730 1225 2758 acu
1256 2719 1399 2767 tetigit
1424 2719 1749 2758 Westerhovius
1774 2729 1848 2768 pro

296 2797 548 2836 evenisti
575 2797 765 2836 scribens
791 2797 986 2854 venist
995 2796 1021 2835 i.
1049 2796 1275 2834 Praeterea
1302 2795 1571 2843 expungatur
1586 2794 1703 2842 prius
1727 2793 1845 2832 tibi.

333 2961 353 2992 ¹)
372 2960 418 2987 De
438 2958 626 2992 praeteritis
646 2958 680 2985 in
699 2956 888 2985 huiusmodi
909 2955 988 2984 locis
1008 2963 1037 2984 v.
1059 2962 1087 2989 p.
1107 2957 1150 2983 75.
