2002 3464
1052 378 1105 416 38

302 504 442 550 Atque
468 503 700 551 prodeunte
727 502 882 540 ancilla
907 502 1050 549 nigra:
1082 501 1290 550 „Procede
1316 502 1364 539 tu
1385 501 1480 539 huc.
1503 500 1568 538 Ex
1584 499 1856 548 Aethiopiast
1916 531 1920 535 .

303 588 436 625 usque
478 577 624 615 haec.’'
667 576 807 616 Perite
839 576 1078 615 Scholiasta
1108 577 1306 615 annotat:
1344 575 1477 625 „Cum
1508 575 1663 614 fiducia
1693 575 1737 614 et
1767 574 1854 614 alto

303 653 425 691 vultu
451 653 720 701 pronuntiat3
749 653 793 691 et
818 652 996 691 festinat
1021 663 1073 691 ne
1101 653 1277 700 occupet
1302 651 1427 690 miles
1453 651 1571 699 prius
1593 648 1854 698 abire'quam

301 729 487 767 videat.’'
515 728 636 767 Facit
662 729 808 767 autem
834 728 1045 767 Parmeno
1071 728 1181 776 quod
1209 728 1352 766 iussus
1374 727 1441 766 est
1456 737 1520 765 vs.
1541 726 1648 765 214:
1670 734 1856 775 „munus

300 805 497 843 nostrum
512 800 516 804 ’
529 804 678 843 ornato
708 804 893 843 verbis.”

362 879 471 918 Tum
497 878 752 917 Eunuchum
778 889 906 917 suum
933 874 1346 917 simulatum'manu
1363 877 1576 917 adducens
1592 877 1654 916 sic
1671 877 1855 916 alterum

302 954 405 993 illud
437 955 596 994 donum
629 955 810 994 exornat
839 954 982 993 verbis
1015 955 1113 1000 (476
1146 956 1276 1002 sqq.):

912 1030 1006 1069 'Fac
1036 1030 1241 1078 periclum
1274 1029 1318 1068 in
1347 1029 1503 1068 litteris

538 1107 622 1145 Fac
653 1107 697 1144 in
727 1106 953 1155 palaestra,
987 1106 1032 1144 in
1062 1106 1263 1144 musicis:
1296 1115 1404 1159 quae
1434 1105 1616 1144 liberum

540 1182 654 1221 Scire
686 1183 913 1230 aequomst
944 1182 1281 1221 adolescentem:
1315 1181 1533 1221 sollertem
1564 1181 1684 1220 dabo.

305 1257 608 1297 Sollertem
641 1257 776 1296 dabo
807 1258 1018 1305 quomodo
1051 1258 1108 1296 sit
1140 1257 1433 1306 accipiendum
1459 1267 1544 1295 non
1569 1257 1706 1295 video.
1734 1254 1858 1294 Certe

304 1343 390 1372 non
421 1333 483 1372 sic
513 1335 562 1372 ut
591 1334 686 1372 vult
716 1333 1018 1373 Ruhnkenius:
1055 1333 1207 1383 „rebus
1239 1333 1343 1382 ipsis
1375 1333 1600 1372 ostendam
1627 1342 1726 1371 eum
1751 1330 1855 1380 peri-

303 1409 525 1448 tissimum
556 1409 711 1449 harum
743 1410 914 1449 artium.
948 1410 1085 1449 Plaut.
1119 1409 1202 1448 Mil.
1236 1409 1310 1459 ΠΙ,
1348 1409 1383 1458 1,
1419 1409 1497 1466 56:

442 1484 544 1523 Plus
575 1485 682 1524 dabo
713 1495 844 1533 quam
874 1485 1125 1533 praedicabo
1157 1495 1212 1523 ex
1243 1494 1313 1522 me
1344 1483 1587 1522 venustatis
1618 1483 1738 1522 tibi.''

306 1561 387 1599 Sed
412 1560 537 1608 plane
564 1561 678 1599 aliud
705 1561 804 1608 quid
831 1562 898 1599 est
925 1561 1053 1599 dare
1079 1560 1220 1599 Plauti
1240 1560 1331 1598 loco
1349 1560 1476 1607 atque
1493 1559 1639 1597 nostro
1655 1558 1854 1597 Terentii.

305 1635 534 1674 Eunuchus
562 1636 614 1674 ad
640 1636 720 1674 hoc
747 1636 994 1684 exemplum
1022 1635 1160 1674 dicere
1186 1636 1375 1683 poterat:
1408 1633 1671 1683 „sollertiam
1697 1633 1831 1672 dabo”
1846 1644 1855 1681 ;

305 1711 561 1751 Parmenoni
591 1711 800 1750 utendum
832 1711 924 1750 erat
955 1710 1145 1749 futuro
1187 1710 1399 1749 exacto.

365 1787 450 1825 480
492 1797 581 1835 sqq.
629 1787 833 1835 „Atque
874 1786 1008 1824 haec
1049 1786 1139 1833 qui
1170 1785 1356 1823 misit”
1390 1779 1691 1831 sicfParmeno
1722 1783 1860 1832 pergit

306 1863 382 1900 vix
422 1862 574 1901 militis
616 1861 927 1910 interpellantis
968 1861 1098 1899 verba
1134 1860 1310 1899 audiens
1345 1870 1455 1908 „non
1487 1860 1553 1898 est
1584 1860 1752 1898 amator
1782 1858 1857 1897 im-

305 1938 498 1987 periosus

540 2022 693 2051 verum
723 2012 795 2050 ubi
826 2011 1060 2050 molestum
1091 2020 1176 2049 non
1208 2010 1300 2059 erit,
1333 2009 1405 2047 ubi
1436 2010 1484 2047 tu
1515 2009 1645 2058 voles,

482 2088 565 2127 Ubi
596 2090 769 2136 tempus
799 2087 878 2126 tibi
909 2086 1000 2135 erit,
1035 2086 1104 2124 sat
1134 2085 1274 2135 habet,
1309 2086 1346 2124 si
1378 2086 1472 2123 tum
1504 2084 1748 2133 recipitur.''

306 2165 574 2214 Singularem
607 2164 696 2202 vim
728 2163 858 2201 habet
889 2163 1076 2210 atque:
1114 2162 1183 2210 „et
1208 2161 1319 2208 quod
1345 2160 1590 2199 maximum
1616 2161 1694 2209 est,
1723 2160 1761 2199 is
1786 2159 1860 2208 qui

304 2243 397 2280 tam
438 2241 614 2290 pulchra
658 2240 768 2278 dona
809 2239 903 2277 dat.
920 2268 927 2277 .
944 2238 981 2277 .”
1025 2238 1240 2276 Admonet
1280 2237 1350 2275 hic
1385 2236 1588 2275 lectorem
1621 2235 1859 2274 Scholiasta

305 2327 435 2365 quam
475 2317 582 2355 bene
624 2325 791 2354 memor
831 2314 1041 2352 Parmeno
1083 2313 1141 2351 sit
1181 2313 1288 2351 iussi
1330 2314 1406 2357 (vs.
1451 2311 1535 2349 214
1572 2313 1673 2358 sq.):
1710 2310 1858 2360 „illum

305 2392 536 2441 aemulum,
570 2391 681 2438 quod
712 2389 872 2439 poteris
904 2389 955 2428 ab
987 2399 1037 2427 ea
1067 2388 1254 2437 pellito.'’

363 2467 485 2506 Hanc
525 2467 673 2505 rivalis
714 2466 782 2504 sui
822 2464 1124 2504 verecundiam
1165 2463 1236 2501 ubi
1277 2461 1441 2501 laudari
1477 2461 1640 2500 audivit
1681 2461 1856 2511 Thraso,

306 2543 587 2591 contemptim
621 2545 698 2587 (vs,
733 2541 857 2586 486):

540 2618 730 2666 Apparet
761 2626 935 2655 servum
967 2615 1080 2653 hunc
1112 2624 1206 2653 esse
1238 2613 1398 2652 domini
1429 2612 1627 2661 pauperis

539 2692 776 2739 Miserique.

365 2769 604 2816 Statimque
637 2767 826 2806 Gnatho:

810 2842 921 2880 Nam
955 2840 1095 2879 hercle
1127 2850 1254 2878 nemo
1285 2840 1443 2887 posset,
1478 2839 1546 2876 sat
1577 2838 1677 2887 scio,

541 2919 618 2971 Qui
650 2918 825 2957 haberet
856 2917 927 2967 qui
958 2917 1128 2967 pararet
1161 2915 1304 2965 alium,
1339 2914 1452 2952 hunc
1482 2913 1656 2964 perpeti.
