2002 3464
909 365 963 405 41

211 503 276 532 vs.
311 493 410 532 513.
655 492 755 540 „Ait
787 502 880 530 rem
912 492 1106 530 divinam
1138 491 1335 530 fecisse.''

151 569 300 609 Nescit
330 568 536 608 Chremes
569 556 741 617 semper
772 568 834 607 rei
866 568 1036 607 divinae
1069 568 1260 607 intentas
1292 578 1388 606 esse
1420 566 1721 613 mulierculas;

150 645 296 695 itaque
322 645 427 685 illud
459 645 541 684 ait
572 644 815 694 praemittit
846 645 1073 693 tamquam
1105 644 1156 683 de
1188 654 1234 683 re
1265 654 1419 693 parum
1451 642 1692 682 verisimili.

209 730 275 761 vs.
308 721 394 762 515
425 730 488 770 sq.
1089 720 1183 768 ipsa
1215 719 1469 759 accumbere

367 797 548 847 Mecum,
583 796 693 836 mihi
725 807 821 836 sese
854 796 967 845 dare,
1003 806 1252 835 sermonem
1286 805 1503 843 quaerere.

148 873 301 913 Nonne
329 874 432 912 sunt
462 873 508 912 hi
534 872 737 912 infinitivi
765 873 857 912 eius
885 873 957 921 qui
983 882 1135 911 secum
1163 871 1376 920 memoria
1403 871 1564 910 recolat
1590 881 1723 910 mere-

147 949 327 989 triculae
359 949 546 988 astutias
578 959 686 997 quas
718 949 810 998 ipse
841 948 919 987 vix
950 948 1134 987 vitarit?

208 1020 529 1064 Sermonem
572 1035 859 1074 quaerere.
903 1024 1096 1063 Annotat
1140 1023 1404 1063 Scholiasta:
1443 1023 1724 1071 „Sermonem

147 1101 408 1157 quaerimus,
437 1102 606 1150 quando
633 1111 719 1140 non
746 1101 888 1140 solum
916 1100 1028 1149 quod
1055 1100 1251 1139 dicamus
1279 1099 1540 1148 quaerimus,
1571 1109 1724 1148 verum

147 1177 281 1217 etiam
327 1177 540 1226 quomodo
587 1177 696 1216 alter
743 1177 866 1216 nobis
913 1177 1171 1226 respondeat
1214 1178 1257 1215 et
1299 1176 1576 1224 obloquatur:
1620 1177 1725 1225 puta

147 1264 247 1294 cum
288 1252 585 1293 deficientibus
627 1253 946 1293 sermocinandi
988 1253 1131 1292 causis
1173 1253 1344 1301 quota
1385 1252 1463 1290 sit
1504 1252 1639 1291 hora
1681 1253 1725 1291 et

146 1329 295 1370 satis
350 1331 506 1369 recte
563 1330 689 1379 quis
740 1330 996 1369 valuerit
1042 1330 1389 1379 percontamur.”
1439 1329 1722 1368 Rectissime:

147 1407 264 1446 certo
291 1406 409 1446 enim
437 1407 615 1447 consilio
643 1408 750 1447 haec
776 1408 923 1447 omnia
949 1418 975 1447 a
1001 1407 1162 1446 Thaide
1188 1407 1303 1446 dicta
1320 1407 1554 1455 rogataque
1572 1416 1667 1444 esse
1685 1405 1725 1444 ei

145 1492 200 1522 ne
241 1482 286 1522 in
325 1484 522 1523 mentem
553 1484 728 1532 quidem
759 1484 891 1533 venit,
927 1484 1087 1523 nedum
1119 1483 1231 1522 bona
1261 1482 1344 1522 fide
1377 1492 1475 1521 eam
1508 1482 1648 1530 egisse
1681 1482 1725 1520 et

146 1557 229 1598 sibi
269 1559 490 1608 sororique
533 1570 637 1599 suae
669 1560 1016 1609 prospicientem.
1050 1559 1212 1598 Deinde
1246 1559 1290 1597 in
1321 1558 1582 1598 memoriam
1614 1558 1725 1597 redit

147 1645 297 1675 eorum
339 1645 449 1685 quae
491 1636 623 1675 Thais
664 1636 894 1685 rogaverit.
939 1636 1019 1675 Illa
1061 1637 1209 1675 autem
1253 1635 1400 1694 omnia
1431 1635 1484 1673 ad
1518 1635 1724 1683 cognatos

146 1711 328 1761 virginis
358 1711 640 1751 inveniendos
671 1713 901 1763 pertinent,
935 1713 1011 1752 sed
1044 1711 1343 1751 huiuscemodi
1374 1712 1478 1750 sunt
1509 1712 1558 1749 ut
1589 1710 1723 1759 suspi-

147 1787 317 1827 cionem
349 1788 612 1827 adolescenti
644 1788 805 1827 rustico
838 1787 939 1827 oriri
966 1789 1148 1827 minime
1176 1788 1360 1826 mireris,
1390 1787 1443 1826 Et
1470 1787 1569 1825 hinc
1596 1786 1725 1825 huius

147 1863 362 1912 soliloquii
387 1874 589 1903 summus
615 1864 734 1913 lepor
761 1874 1021 1912 summaque
1049 1865 1271 1903 venustas.
1301 1863 1547 1911 Rogaverat
1567 1873 1724 1911 „quam

146 1939 312 1990 pridem
354 1941 477 1990 pater
517 1940 744 1988 materque
777 1939 1020 1979 Chremetis
1052 1940 1214 1979 mortui
1247 1939 1437 1978 essent.’'
1472 1939 1725 1987 Suspicatus

146 2016 219 2056 ille
249 2017 356 2056 haec
387 2027 486 2056 eam
517 2027 694 2066 rogasse
726 2018 869 2056 ratam
897 2027 944 2056 se
972 2017 1100 2056 modo
1128 2027 1274 2055 rerum
1301 2026 1481 2055 suarum
1499 2015 1724 2066 dominum

145 2087 309 2132 factum
356 2103 546 2142 moxque
588 2093 685 2132 illas
728 2093 1078 2142 dilapidaturum,
1123 2092 1404 2142 responderat
1450 2092 1564 2141 „iam
1609 2091 1724 2129 diu.’'

104 2193 106 2195 ·
145 2169 306 2209 Deinde
352 2180 448 2220 „res
490 2170 611 2209 Sunii
653 2170 815 2218 ecquod
857 2170 1038 2209 haberet
1079 2170 1123 2208 et
1165 2179 1296 2217 quam
1339 2169 1465 2217 longe
1508 2179 1533 2207 a
1569 2168 1724 2207 mari.’'

146 2245 358 2296 Quoniam
404 2245 628 2295 praedium
676 2246 950 2285 maritimum
998 2247 1074 2285 aut
1120 2246 1294 2294 propter
1335 2244 1508 2283 facilem
1551 2244 1725 2292 frugum

145 2322 473 2362 subvectionem
530 2323 606 2361 aut
652 2323 825 2372 propter
872 2322 1186 2361 amoenitatem
1233 2331 1444 2369 aquarum
1493 2320 1724 2370 pretiosius

147 2399 227 2449 est,
261 2397 469 2438 Chremes
500 2408 651 2438 secum
684 2401 763 2444 (vs.
799 2399 922 2444 52o):
1742 2379 1751 2384 “

345 2473 478 2514 Credo
510 2475 550 2514 ei
581 2474 750 2524 placere
782 2475 875 2524 hoc,
910 2476 1056 2524 sperat
1087 2485 1135 2514 se
1167 2485 1192 2514 a
1223 2485 1295 2513 me
1328 2473 1526 2513 avellere.

206 2559 270 2589 vs.
305 2550 553 2590 521-525.

324 2626 549 2666 Postremo
582 2637 717 2675 ecqua
748 2627 846 2666 inde
878 2637 1013 2676 parva
1044 2626 1245 2675 periisset
1277 2636 1420 2673 sor0r;

323 2701 478 2750 Ecquis
511 2712 611 2741 cum
645 2713 696 2742 ea
726 2713 834 2751 una;
869 2703 970 2751 quid
1002 2702 1238 2752 habuisset,
1273 2712 1403 2750 quom
1436 2701 1568 2750 perit;

324 2777 480 2826 Ecquis
511 2789 610 2818 eam
641 2780 789 2828 posset
821 2789 1020 2818 noscere:
1054 2779 1161 2817 haec
1193 2788 1299 2826 quor
1331 2778 1578 2826 quaeritet?

324 2853 418 2892 Nisi
449 2854 487 2893 si
519 2853 592 2894 illa
623 2855 733 2894 forte
765 2864 874 2903 quae
907 2855 1011 2894 olim
1044 2854 1171 2903 periit
1202 2853 1382 2902 parvula

323 2929 432 2972 Eam
464 2940 560 2972 sese
592 2931 777 2973 intendit
809 2941 917 2982 esse,
952 2931 1061 2971 utist
1093 2930 1284 2971 audacia.
