2002 3464
939 375 993 413 23

179 511 258 551 pas
298 501 528 551 possible.’'
571 499 695 540 Certe
736 501 841 540 haec
884 501 1101 540 sententia
1142 501 1371 551 aptissima
1401 501 1501 540 huic
1532 501 1624 540 1000
1657 501 1746 549 est;

178 577 254 617 sed
306 587 458 617 vereor
503 578 553 616 ut
599 587 654 616 ex
701 576 846 616 verbis
892 577 1063 616 traditis
1111 577 1206 617 elici
1253 578 1326 617 illa
1373 577 1522 628 possit,
1570 577 1750 627 vitiique

178 653 339 702 aliquid
370 653 504 693 latere
535 653 606 693 hic
637 654 842 703 suspicor.

236 729 429 770 Tandem
471 730 699 779 aliquando
740 732 839 780 post
880 731 1058 780 longum
1096 732 1176 770 1100
1207 731 1484 780 soliloquium
1516 731 1579 770 sic
1609 732 1751 770 semet

176 805 320 856 ipsum
351 805 599 855 interpellat
630 806 799 846 Gnatho
833 809 911 853 (vs.
947 808 1031 847 265
1064 810 1194 856 sqq.):

288 879 292 884 '
1163 883 1245 922 Sed
1278 894 1355 932 ego
1388 893 1510 923 cesso

265 957 332 997 Ad
365 957 574 998 Thaidem
606 959 718 998 hanc
749 960 957 999 deducere
990 961 1034 999 et
1065 970 1215 1009 rogare
1249 961 1301 998 ad
1333 971 1486 999 cenam
1513 961 1562 999 ut
1587 960 1747 999 veniat.

255 1017 348 1073 xSed
379 1034 695 1074 Parmenonem
728 1037 829 1074 ante
861 1036 1023 1075 ostium
1056 1035 1232 1074 Thaidis
1263 1036 1437 1075 tristem
1471 1035 1595 1075 video

262 1109 430 1150 Rivalis
457 1120 657 1150 servum:
687 1111 810 1150 salva
826 1122 896 1150 res
914 1113 1002 1151 est:
1022 1111 1230 1154 nimirum
1248 1112 1342 1151 hice
1359 1112 1559 1151 homines
1575 1111 1746 1160 frigent.

231 1185 305 1226 Vs.
336 1187 419 1227 267
448 1195 655 1227 mancum
683 1198 779 1227 esse
802 1188 1088 1237 claudumque
1115 1199 1229 1228 1111110
1255 1188 1399 1228 sciunt
1426 1198 1591 1228 omnes.
1615 1187 1749 1227 Morbi

171 1244 320 1302 sedem
362 1263 406 1302 et
446 1263 658 1313 originem
699 1264 866 1313 primus
908 1264 1130 1313 Bentlejus
1173 1264 1407 1314 perspexit.
1446 1264 1619 1304 Etenim
1650 1265 1749 1314 post

171 1337 277 1378 illud
318 1339 382 1379 ad
424 1339 693 1380 Thaidem
736 1340 944 1380 iteratum
987 1341 1163 1381 Thaidis
1205 1351 1365 1381 nomen
1400 1341 1477 1380 vix
1510 1342 1554 1380 et
1585 1352 1639 1380 ne
1670 1340 1747 1380 vix

86 1467 93 1473 ᾖ
163 1414 346 1464 quidem
377 1415 479 1455 ferri
510 1417 667 1466 potest.
700 1417 1025 1457 Venustissima
1053 1418 1201 1456 autem
1234 1418 1302 1457 est
1333 1417 1517 1466 Bentleji
1549 1417 1700 1457 lectio:

290 1491 372 1531 Sed
403 1492 720 1533 Parmenonem
753 1495 853 1533 ante
886 1493 1048 1533 ostium
1080 1493 1263 1543 opperiri
1295 1493 1470 1533 tristem
1501 1494 1639 1533 video.

171 1566 310 1617 Quam
352 1568 499 1618 quidni
541 1569 586 1608 in
626 1571 800 1610 textum
842 1570 1136 1619 recipiamus?
1173 1571 1346 1610 Etenim
1379 1571 1481 1619 quin
1513 1570 1747 1619 repetitum

172 1642 355 1683 Thaidis
394 1655 553 1684 nomen
601 1646 789 1694 aliquem
833 1646 1098 1686 infinitivum
1119 1658 1219 1687 ·suo
1262 1647 1354 1699 1000
1398 1646 1610 1696 depulerit
1652 1647 1747 1695 quis

169 1718 366 1760 dubitare
407 1721 583 1770 potest?
624 1722 678 1761 Et
720 1722 880 1762 iniusto
922 1733 1172 1772 possessore
1210 1723 1374 1762 deiecto
1407 1723 1507 1771 quid
1541 1724 1634 1761 tam
1666 1723 1745 1762 ele-

169 1796 322 1844 ganter
353 1796 496 1836 locum
527 1807 715 1837 vacuum
747 1798 900 1847 implet
932 1809 1063 1847 quam
1095 1778 1239 1848 ipsum
1272 1799 1381 1838 illud·
1410 1798 1696 1847 opperiri?

229 1855 418 1911 Tristem
460 1883 556 1912 esse
588 1873 904 1914 Parmenonem
936 1885 1043 1914 mox
1075 1875 1272 1923 agnoscit
1303 1874 1473 1914 Gnatho
1506 1875 1550 1914 et
1582 1885 1656 1914 cur
1687 1874 1747 1914 sit

168 1947 301 1988 simul
346 1949 561 1999 perspicit.
610 1950 855 1999 Alloquitur
902 1962 1002 2000 ergo
1051 1952 1286 2002 hominem,
1337 1951 1512 2004 deridet,
1562 1951 1744 1990 ludibrio

167 2025 310 2066 habet.
352 2026 418 2065 Ex
459 2026 681 2076 colloquio,
725 2027 836 2075 quod
879 2027 991 2067 inter
1033 2038 1108 2067 eos
1144 2026 1205 2077 fit,
1239 2038 1376 2077 pauca
1408 2027 1620 2076 quaedam
1652 2037 1743 2076 pro—

166 2102 341 2142 traham
372 2112 493 2152 quae,
527 2102 687 2152 partim
721 2103 987 2143 Scholiastae
1016 2114 1110 2154 ope,
1146 2103 1374 2143 illustrem.

225 2189 291 2219 vs.
322 2178 407 2218 273
435 2188 498 2228 sq.
527 2178 697 2219 Gnatho
724 2181 869 2229 rogat:
899 2180 1026 2230 „quid
1042 2180 1121 2220 tibi
1139 2180 1311 2220 videtur
1327 2181 1408 2220 hoc
1424 2181 1742 2229 mancipium?’'

148 2253 250 2294 rHic
288 2255 635 2306 mancipium
676 2255 887 2310 εἰρωνικῶς
932 2258 1096 2298 dictum
1140 2260 1230 2298 est:
1265 2259 1453 2308 loquitur
1486 2259 1601 2298 enim
1634 2259 1741 2298 tam-

167 2340 298 2379 quam
330 2331 382 2371 de
414 2331 570 2371 ancilla
602 2331 689 2372 vili.
1636 2331 1638 2333 ’

225 2416 290 2446 vs.
325 2407 434 2447 274:

409 2483 558 2534 „Nunc
589 2485 814 2534 gloriaris”
848 2486 1061 2526 Parmeno
1094 2487 1167 2527 ait.
1206 2487 1325 2538 „Scis
1358 2489 1474 2527 enim

225 2569 290 2598 vs.
327 2559 434 2599 276:

255 2626 425 2675 Eiectos
456 2635 556 2676 111110
587 2647 678 2687 nos,
713 2637 909 2677 omnium
942 2649 1099 2690 rerum,
1135 2639 1255 2690 heus,
1289 2639 1542 2679 vicissitudo
1575 2641 1685 2680 est.‘’

168 2710 519 2751 Interiectionem
550 2712 687 2752 heus
715 2714 994 2763 praemittere
1022 2715 1090 2754 est
1116 2716 1381 2754 sententiam
1408 2716 1739 2765 pronuntiaturi.

168 2785 386 2826 Admonet
417 2787 488 2826 hic
518 2798 596 2827 nos
630 2789 871 2829 Scholiasta
903 2801 1034 2838 quam
1066 2785 1173 2830 bene
1206 2791 1418 2830 Parmeno
1451 2802 1528 2831 suo
1561 2802 1740 2831 munere

165 2861 372 2911 fungatur
413 2862 672 2914 Thaidisque
715 2846 944 2905 consilium
978 2866 1099 2905 celet.
1134 2866 1294 2906 Eodem
1326 2867 1513 2916 pertinet
1544 2867 1739 2908 eiusdem

169 2938 391 2978 annotatio
424 2939 477 2978 ad
508 2949 572 2978 vs.
607 2940 705 2991 282,
739 2941 811 2980 ubi
842 2941 1077 2981 Parmeno:
