2002 3464
990 400 1071 438 140

245 519 402 558 timent
447 521 628 559 moleste
675 523 863 561 accurati
910 533 1005 562 esse
1046 523 1187 562 solent
1228 524 1270 562 et
1311 524 1456 563 omnia
1497 524 1606 563 scire
1638 524 1800 564 volunt.

308 595 457 644 „Vidi”
490 595 635 635 Davus
667 599 813 636 narrat
848 599 915 647 „id
943 599 1053 646 quod
1079 598 1267 647 profecto
1295 599 1550 638 documento
1579 601 1645 638 est
1671 600 1801 639 domi-

246 681 350 709 num
382 682 467 710 non
497 682 647 720 parare
679 673 844 721 aliquas
875 674 1060 723 nuptias,
1094 684 1274 722 puerum
1306 674 1546 713 Chremetis
1580 678 1656 720 (vs.
1691 675 1761 721 32)

363 746 487 785 Olera
519 748 562 786 et
592 748 819 796 pisciculos
850 750 1041 788 minutos
1072 749 1182 787 ferre
1214 749 1333 788 obolo
1361 750 1404 788 in
1432 760 1609 788 coenam
1636 750 1772 789 seni.’'

242 808 478 869 Postquam
527 822 766 862 Scholiasta
812 825 1010 872 exposuit
1052 835 1126 863 cur
1157 824 1492 875 pisciculos,
1526 825 1799 875 minutos,

244 898 403 936 obolo
451 898 564 936 dicta
609 898 708 948 sint,
752 899 857 938 haec
899 900 1037 939 addit:
1086 901 1154 948 „et
1186 900 1285 948 quid
1316 901 1353 938 si
1384 900 1576 939 minutos
1608 901 1683 940 sed
1714 911 1800 940 om-

243 973 368 1011 nibus
379 974 426 1012 ‘?'’
475 974 554 1012 His
601 975 743 1013 verbis
791 976 994 1024 explicari
1040 971 1215 1015 videtur
1251 987 1324 1016 cur
1356 977 1489 1016 etiam
1521 977 1714 1016 additum
1744 976 1804 1015 sit

243 1049 386 1087 seni:
434 1047 525 1087 fieri
573 1049 688 1088 enim
734 1051 902 1098 poterat
948 1052 996 1089 ut
1042 1051 1208 1104 minuti¹
1241 1052 1413 1099 quidem
1444 1037 1637 1100 pisciculi
1668 1051 1803 1100 empti

243 1125 399 1174 essent,
444 1125 518 1163 sed
558 1126 707 1164 tantus
750 1136 898 1165 eorum
939 1137 1146 1165 numerus
1177 1128 1226 1166 ut
1255 1127 1324 1166 vel
1356 1137 1538 1175 magnae
1571 1137 1728 1166 coenae
1759 1127 1803 1166 et

242 1199 360 1237 omni
393 1200 672 1239 convivarum
704 1211 882 1240 numero
915 1201 1169 1241 sufficerent.

300 1351 353 1399 Π,
384 1352 422 1400 3,
456 1352 520 1390 11.
554 1351 655 1399 „Dic
680 1353 723 1391 te
751 1353 978 1391 ducturum
1006 1363 1102 1391 eam
1130 1363 1259 1400 quam
1286 1354 1380 1392 vult
1406 1354 1554 1402 pater”
1582 1353 1662 1392 hoc
1678 1352 1801 1392 herili

241 1425 328 1465 filio
370 1427 522 1465 suadet
561 1427 729 1476 Davus;
773 1429 900 1476 atque
941 1428 1013 1467 illo
1052 1430 1308 1477 aspernante
1341 1430 1383 1468 et
1415 1429 1499 1468 alia
1530 1429 1669 1468 multa
1699 1428 1802 1467 dicit
1859 1463 1862 1466 .

243 1502 294 1540 ad
327 1502 554 1541 consilium
586 1513 714 1541 suum
747 1503 1136 1542 commendandum
1168 1505 1211 1542 et
1241 1505 1342 1542 hoc:

729 1579 794 1618 EX
826 1589 876 1618 ea
907 1590 952 1617 re
985 1579 1084 1627 quid
1115 1578 1192 1618 fiat
1222 1579 1331 1618 vide.

242 1653 507 1692 Annotatur:
541 1651 644 1703 „dab
677 1658 744 1703 τῆς
777 1649 1006 1705 ἐμβάσεως.”
1041 1654 1122 1692 Pro
1155 1652 1351 1705 ἐμβάσεως
1378 1655 1448 1694 vel
1475 1652 1668 1705 ἐκβάσεως
1685 1656 1802 1701 (nam

241 1730 321 1768 hoc
354 1740 518 1777 quoque
550 1730 718 1778 legitur)
750 1730 1041 1778 reponendum
1074 1731 1141 1769 est
1173 1730 1331 1778 aliquid
1363 1731 1473 1778 quod
1506 1740 1802 1770 assensum
1839 1778 1841 1780 ,

241 1806 311 1845 vel
343 1805 775 1844 simulationem
807 1805 1031 1854 significet.

304 1882 424 1931 „Noli
470 1882 691 1920 metuere”
739 1881 884 1920 Davus
931 1882 992 1921 ait
1036 1892 1114 1931 „ne
1157 1881 1362 1920 Chremes
1402 1881 1480 1920 tibi
1510 1880 1645 1920 filiam
1676 1891 1802 1920 suam

241 1968 422 1996 uxorem
454 1958 546 1995 det:
580 1957 764 1995 nimium
797 1957 835 1996 ei
866 1957 929 1996 tui
961 1958 1062 1995 sunt
1093 1957 1184 1996 noti
1215 1967 1371 1996 mores.
1405 1957 1601 1996 Inveniet
1631 1956 1802 2005 inopem

240 2033 384 2081 potius
414 2033 663 2081 generum.'’
697 2032 761 2071 Ad
794 2033 945 2081 poetae
977 2033 1108 2070 verba
1138 2031 1397 2070 inveniet
1428 2032 1647 2080 inopem
1674 2042 1800 2071 anno-

241 2109 382 2146 tatum
420 2109 506 2146 est:
544 2106 769 2159 »ὑποφοροζ
800 2105 1021 2157 ἐφεκτικῶς,
1052 2108 1126 2146 sed
1159 2118 1237 2146 nec
1270 2107 1440 2156 inopem
1472 2108 1690 2155 quaeret.’'
1723 2108 1800 2147 Ob-

241 2185 493 2224 scurissima
533 2185 639 2223 haec
680 2195 817 2232 neque
858 2185 995 2223 multo
1029 2184 1208 2222 clariora
1238 2193 1346 2231 quae
1378 2183 1578 2232 leguntur
1609 2184 1653 2222 in
1684 2183 1800 2222 Klot-

241 2261 386 2299 ziana:
424 2258 637 2311 ,,ὑποφορὰ
668 2257 879 2310 ἐφεκτικός,
906 2259 947 2298 id
976 2261 1042 2298 est
1069 2258 1261 2297 inveniet
1287 2258 1573 2297 elevationem
1600 2259 1642 2297 et
1658 2268 1799 2307 super-

240 2336 370 2375 biam.
403 2336 667 2374 Inveniet
698 2336 930 2384 inopem:
965 2335 1039 2373 sed
1071 2345 1124 2372 ne
1157 2334 1326 2382 inopem
1360 2334 1578 2381 quaerat.”

304 2411 608 2460 „Simulando”
640 2411 786 2449 Davus
816 2411 965 2449 monet
999 2411 1067 2459 „te
1098 2420 1279 2448 uxorem
1317 2409 1468 2447 ducere
1495 2409 1605 2447 velle
1631 2409 1800 2457 patrem

241 2488 366 2525 tuum
393 2486 682 2534 negligentem
711 2486 905 2524 feceris.'’
934 2485 999 2523 Ad
1026 2484 1414 2533 negligentem
1441 2484 1672 2533 feceris,
1692 2494 1800 2532 quae

240 2563 391 2610 poetae
448 2563 549 2599 sunt
604 2561 746 2610 verba,
802 2562 1054 2599 annotatur:
1108 2560 1214 2609 „hoc
1260 2560 1326 2598 est
1372 2560 1504 2598 etiam
1550 2559 1594 2597 in
1638 2559 1800 2608 paratis

241 2638 445 2686 nuptiis.’'
478 2637 595 2676 Haec
627 2647 792 2685 quoque
824 2637 1015 2676 obscura.

301 2788 353 2837 Π,
387 2789 426 2827 4.
471 2789 564 2826 Iam
606 2788 769 2826 accedit
808 2788 931 2836 pater
962 2786 1245 2835 experimenti
1278 2796 1407 2824 causa
1437 2784 1574 2824 filium
1605 2785 1800 2824 iussurus

242 2873 423 2901 uxorem
471 2864 635 2901 ducere.
683 2863 792 2911 Ergo
838 2863 983 2901 Davus
1030 2861 1248 2900 submissa
1288 2871 1391 2899 voce
1433 2860 1707 2910 Pamphilum
1737 2860 1799 2899 sic

246 2939 475 2987 alloquitur
507 2939 546 2984 (2
574 2941 676 2987 sq.):
