2002 3464
993 393 1076 430 204

255 515 514 563 „Parasitice
540 517 681 554 totum
707 517 1060 556 translationibus
1087 517 1285 564 loquitur.
1314 516 1571 555 Huiusmodi
1599 517 1665 554 est
1691 498 1826 555 enimv

251 590 319 628 vis
359 591 696 630 umbraticorum
733 592 970 642 hominum,
1014 592 1206 630 scurrilis
1239 592 1416 630 oratio.'’
1450 591 1644 629 Primum
1675 600 1808 639 prava

251 666 332 705 loci
378 666 595 705 distinctio
642 668 745 705 nata
791 669 857 709 est
903 668 946 705 et
991 667 1064 706 illa
1110 667 1225 705 istud
1266 667 1353 705 vis
1385 665 1560 715 peperit.
1594 665 1806 705 Emendo:

251 741 478 789 parasitice
519 743 660 780 totum
691 743 1044 782 translationibus
1075 742 1262 790 loquitur
1293 742 1560 789 huiusmodi;
1594 742 1661 780 est
1692 741 1808 781 enim

252 817 591 855 umbraticorum
622 818 849 856 hominum
881 818 1072 856 scurrilis
1105 817 1252 856 oratio.

315 892 380 930 16.
414 892 682 931 Laudantem
713 903 760 931 se
791 893 1031 941 parasitum
1063 893 1394 941 interrogatione
1426 892 1671 941 interpellat
1702 892 1810 932 Geta

253 978 416 1006 servus.
464 969 708 1007 Annotatur
754 969 832 1007 ibi:
885 969 1172 1018 „interrogare
1214 968 1366 1007 dicitur
1408 969 1451 1007 et
1481 967 1656 1016 fingitur
1687 967 1807 1018 Geta,

253 1043 300 1081 ut
330 1043 561 1091 parasitica
590 1044 884 1092 progrediatur
915 1043 1093 1082 oratio.’'
1127 1043 1250 1082 Nullo
1282 1044 1408 1082 modo
1438 1044 1662 1082 ferendum
1687 1043 1809 1082 istud

253 1118 465 1156 dicitur
506 1119 570 1157 et.
613 1119 771 1157 Veram
802 1119 1032 1158 lectionem
1062 1121 1164 1168 puto
1197 1129 1291 1157 esse
1323 1118 1582 1157 dicacem.
1618 1105 1662 1157 Si
1693 1119 1809 1158 enim

253 1193 500 1232 dicacem
543 1194 764 1232 hominem
794 1204 917 1243 porro
949 1194 1064 1242 loqui
1097 1194 1227 1243 cupis,
1262 1193 1586 1242 interrogandus
1617 1193 1696 1232 tibi
1728 1195 1807 1233 est.

314 1268 382 1306 21.
433 1269 585 1317 „Alere
631 1270 782 1308 nolunt
827 1270 1045 1308 hominem
1094 1270 1296 1308 edacem”
1339 1269 1516 1317 parasiti
1547 1269 1678 1308 verba
1708 1270 1811 1308 sunt

254 1344 509 1392 explicantis
551 1355 624 1383 cur
666 1355 690 1383 a
722 1345 1001 1384 creditoribus
1030 1346 1074 1383 in
1105 1345 1171 1384 ius
1203 1355 1287 1383 non
1319 1345 1509 1383 ducatur.
1542 1344 1808 1384 Annotaturz

257 1419 363 1468 „hoc
408 1419 470 1458 sic
514 1421 890 1470 pronuntiandum,
938 1422 987 1460 ut
1031 1421 1169 1459 facete
1215 1421 1355 1458 totum
1397 1406 1593 1458 videatur
1624 1419 1807 1469 illatum,

254 1496 421 1543 quando
469 1497 695 1535 obaeratus
742 1497 799 1535 sit
839 1497 917 1535 sub
959 1497 1204 1535 huiusmodi
1234 1506 1391 1544 poena:
1425 1505 1503 1534 nec
1535 1494 1727 1533 accusari
1757 1495 1809 1534 ab

255 1572 396 1619 aliquo
437 1583 483 1611 se
525 1573 716 1620 queritur
756 1584 892 1621 neque
935 1573 1171 1612 damnari.’'
1216 1572 1483 1610 Sententiam
1519 1571 1670 1622 scholii
1699 1571 1834 1612 hanc'

255 1657 350 1685 esse
397 1648 565 1696 opinor:
618 1649 819 1697 „ridicule
860 1648 929 1686 hic
971 1649 1099 1686 homo
1137 1648 1363 1686 obaeratus
1394 1646 1591 1685 flebiliter
1622 1647 1812 1695 queritur

254 1723 364 1770 quod
396 1733 616 1770 nunquam
649 1725 874 1762 accusetur
899 1733 1036 1771 neque
1063 1723 1332 1761 damnetur.’'
1360 1722 1469 1769 Ergo
1495 1732 1570 1770 pro
1598 1722 1812 1770 quando

253 1798 481 1846 legendum
513 1800 615 1847 puto
648 1800 787 1847 quod
821 1802 961 1847 (saepe
994 1798 1110 1837 enim
1142 1798 1186 1836 in
1217 1798 1391 1836 scholiis
1418 1798 1557 1845 quod
1585 1807 1683 1836 cum
1708 1797 1811 1836 indi-

255 1873 395 1912 cativo
436 1874 506 1912 vel
548 1875 818 1913 coniunctivo
859 1885 934 1923 pro
976 1874 1222 1913 accusativo
1255 1884 1354 1912 cum
1385 1872 1596 1911 infinitivo
1627 1871 1811 1921 ponitur)

255 1950 298 1987 et
329 1949 555 1988 delendum
588 1960 644 1988 se
675 1950 946 1998 queritur.

314 2100 367 2149 Π,
398 2101 436 2149 3,
460 2101 495 2138 1.
515 2100 723 2149 Demipho
742 2102 972 2139 advocatos
989 2100 1244 2148 quibuscum
1261 2100 1305 2137 in
1321 2109 1497 2137 scenam
1513 2097 1652 2147 prodit
1668 2099 1811 2146 rogat:

564 2176 627 2214 En
658 2187 850 2224 unquam
883 2177 1083 2224 cuiquam
1110 2175 1460 2214 contumeliosius

564 2252 758 2290 Audistis
784 2252 945 2290 factam
973 2251 1174 2289 iniuriam
1202 2260 1331 2298 quam
1358 2250 1463 2288 haec
1491 2250 1557 2287 est
1572 2248 1693 2287 mihi.

255 2326 519 2365 Annotatur:
572 2327 685 2375 „iam
730 2327 929 2365 instructi
976 2328 1077 2365 sunt
1123 2325 1318 2365 advocati
1365 2327 1407 2363 et
1449 2325 1576 2362 recte.
1619 2324 1813 2372 Longum

256 2401 372 2439 enim
413 2402 553 2440 fuerat
594 2402 740 2440 omnia
780 2402 885 2440 haec
917 2403 1014 2450 post
1045 2411 1220 2440 scenam
1252 2400 1383 2448 geri.'’
1418 2400 1557 2438 Immo
1588 2409 1689 2437 vero
1720 2408 1814 2447 per

256 2487 492 2516 scenam.
543 2477 660 2526 Quod
707 2478 822 2515 enim
863 2477 993 2516 toties
1034 2476 1083 2515 fit
1114 2476 1224 2524 apud
1255 2475 1515 2524 Terentium,
1549 2474 1618 2513 hic
1648 2483 1814 2522 quoque

257 2552 412 2602 evenit,
456 2554 504 2591 ut
545 2563 567 2590 e
608 2553 909 2601 prodeuntium
950 2552 1102 2601 primis
1142 2551 1284 2590 verbis
1326 2551 1529 2599 appareat
1569 2550 1696 2588 antea
1725 2549 1813 2588 iam

256 2628 396 2666 multa
427 2638 499 2666 eos
532 2628 643 2666 inter
674 2638 721 2666 se
753 2628 996 2666 collocutos.
1026 2627 1142 2666 Haec
1170 2637 1268 2674 ergo
1294 2627 1420 2674 post
1451 2635 1675 2664 scenam
1701 2624 1814 2663 dicta

257 2702 486 2751 finguntur,
521 2703 620 2750 quia
652 2702 809 2750 alioqui
840 2703 971 2741 nimis
1002 2703 1128 2750 longa
1154 2700 1306 2739 fierent
1332 2686 1440 2748 quae
1467 2711 1560 2749 per
1590 2709 1813 2739 scenam

258 2780 442 2826 aguntur
473 2778 766 2825 dicunturque.
1189 2765 1193 2768 ⁵

321 2854 386 2891 13.
419 2853 572 2891 Paucis
603 2853 782 2900 parasiti
828 2853 970 2891 verbis
1002 2852 1158 2891 auditis
1189 2851 1398 2899 Demipho
1431 2851 1669 2889 exclamat:

426 2928 457 2966 O
491 2928 737 2966 audaciam!
773 2929 906 2966 etiam
937 2938 1007 2965 me
1039 2927 1149 2965 ultro
1182 2927 1432 2965 accusatum
1464 2925 1649 2964 advenit.
