2002 3464
1032 372 1087 410 42

342 496 624 544 Lepidissima
650 496 777 544 haec3
806 506 908 534 nam
934 497 1121 545 profecto
1148 498 1185 536 si
1212 497 1341 536 Thais
1367 498 1446 536 hoc
1463 498 1684 537 habuisset
1701 498 1832 538 consi-

282 571 389 609 lium
430 572 478 608 ut
518 581 564 609 se
607 581 797 609 sororem
839 571 957 610 illam
999 582 1094 611 esse
1126 572 1361 623 simularet,
1395 583 1480 612 non
1511 573 1595 612 alia
1625 573 1832 622 rogasset.

284 646 499 695 Quaedam
531 647 820 686 illustrantem
852 648 1077 686 audiamus
1110 649 1406 688 Scholiastam.

341 732 404 760 vs.
435 722 536 766 527.
570 722 716 760 Haec
748 732 881 770 quor
913 723 1222 770 quaeritet:
1259 724 1329 773 „in
1355 726 1480 773 gestu
1506 725 1549 763 et
1574 724 1698 763 vultu
1724 723 1835 772 quod

282 798 418 835 restat
469 798 749 836 ostenditur.”
796 798 899 848 Hoc,
947 799 996 837 ut
1041 799 1200 849 opinor,
1248 800 1363 839 vult:
1411 801 1559 848 gestus
1604 799 1834 848 vultusque

283 873 601 912 indirectae
628 874 974 931 interrogationis
1000 875 1091 913 vim
1118 875 1346 924 explicant.
1375 875 1655 914 Rectissime:
1673 875 1835 915 etenim

282 950 506 997 tamquam
548 949 600 988 ad
642 949 972 988 circumstantes
1014 960 1060 989 se
1092 949 1297 990 Chremes
1329 951 1539 990 convertit
1570 951 1638 990 his
1668 951 1832 990 verbis:

286 1024 433 1073 „Nunc
463 1034 541 1063 vos
573 1035 725 1063 omnes
756 1035 856 1073 rogo
889 1026 1015 1073 atque
1047 1026 1248 1065 obsecro''
1271 1021 1312 1071 ¹).

341 1110 404 1138 vs.
454 1101 552 1139 529.
600 1101 856 1139 Intendit
898 1101 1136 1140 Scholiasta
1176 1102 1278 1140 dicit
1319 1103 1393 1140 aut
1433 1102 1547 1149 idem
1589 1112 1684 1140 esse
1725 1102 1835 1150 quod

283 1176 579 1214 contendit
619 1177 694 1214 aut
735 1177 844 1224 quod
886 1177 1120 1233 probare
1160 1177 1304 1227 vult,
1349 1187 1430 1224 quo
1467 1187 1597 1215 sensu
1628 1174 1834 1216 Iuriscon-

282 1251 384 1289 sulti
426 1252 614 1290 utantur.
658 1252 750 1291 Hoc
779 1252 936 1291 verius.
970 1253 1141 1301 Proprie
1173 1250 1568 1292 intendereest
1599 1252 1761 1291 crimen
1791 1251 1842 1291 in>

283 1327 577 1366 adversarium
609 1327 747 1366 iacere
767 1323 808 1373 2).
841 1327 981 1376 Atque
1012 1328 1092 1367 hoc
1123 1329 1290 1377 egregie
1321 1328 1542 1367 hominem
1568 1327 1836 1367 rusticanum

283 1402 415 1451 decet,
458 1403 601 1441 verbis
642 1413 667 1441 a
707 1399 797 1442 foro
839 1403 1078 1452 desumptis
1118 1404 1204 1451 uti;
1248 1404 1399 1452 quippe
1442 1404 1513 1452 qui
1553 1404 1598 1442 in
1637 1403 1740 1442 urbe
1774 1401 1836 1442 nil

282 1477 422 1525 magis
468 1479 660 1517 metuere
707 1479 843 1517 soleat
885 1489 1014 1526 quam
1056 1479 1294 1517 calumnias
1336 1481 1379 1518 et
1420 1478 1835 1527 circumscriptiones

282 1553 507 1592 hominum
539 1554 583 1592 in
613 1555 703 1593 foro
734 1556 1017 1594 versatorum.

342 1630 531 1668 Tandem
573 1631 689 1669 intus
732 1641 780 1670 eo
821 1632 1034 1670 clamante
1072 1632 1207 1677 (530):
1246 1632 1390 1681 „heus,
1423 1632 1542 1680 heus,
1576 1631 1721 1679 ecquis
1751 1630 1832 1680 hic,

282 1717 359 1755 ego
401 1717 499 1745 sum
541 1706 788 1757 Chremes,’'
831 1708 970 1756 prodit
1001 1707 1180 1756 Pythias
1221 1708 1387 1747 ancilla.
1430 1708 1590 1746 Blande
1607 1707 1836 1755 alloquitur

281 1783 619 1832 adolescentem;
653 1785 835 1823 retinere
867 1795 966 1822 eum
999 1785 1197 1832 conatur;
1231 1785 1278 1822 ut
1310 1794 1404 1822 cras
1435 1784 1581 1822 redeat
1611 1784 1745 1832 rogat.
1777 1782 1836 1822 At

282 1859 574 1906 suspicionum
605 1859 756 1907 plenus
788 1860 859 1898 ille
890 1860 1037 1908 paucis
1069 1860 1246 1908 syllabis
1279 1870 1408 1908 quam
1439 1859 1628 1908 primum
1655 1858 1836 1897 abeundi

282 1935 362 1973 sibi
390 1936 555 1974 certum
582 1937 697 1974 stare
725 1936 951 1974 consilium
979 1936 1178 1975 declarat.
1208 1936 1314 1984 Quid
1341 1936 1487 1974 autem
1508 1935 1689 1974 facetius
1706 1944 1836 1983 quam

281 2012 549 2051 rusticanum
606 2012 935 2061 adolescentem,
994 2012 1146 2051 blande
1203 2023 1302 2051 eum
1359 2012 1574 2051 salutante
1626 2011 1835 2060 Pythiade

281 2087 445 2126 verbis:
477 2098 527 2137 „o
555 2088 790 2136 capitulum
816 2088 1174 2138 lepidissimum,”
1197 2088 1348 2127 statim
1375 2098 1523 2126 secum
1549 2088 1685 2136 loqui:
1717 2081 1836 2137 „dico

283 2173 359 2212 ego
405 2164 467 2202 mi
513 2164 691 2202 insidias
737 2163 887 2202 fieri?’'
936 2163 1143 2213 Quidquid
1194 2163 1373 2211 Pythias
1419 2163 1470 2202 ab
1513 2173 1562 2202 eo
1602 2163 1722 2213 petit,
1765 2163 1835 2202 ille

265 2232 431 2288 ¹negat3
460 2240 647 2288 tandem,
676 2239 749 2277 ubi
775 2239 849 2278 illa
874 2239 1042 2287 rogavit
1069 2241 1145 2285 (vs.
1175 2239 1297 2285 535):
1324 2238 1473 2288 „Quor,
1492 2239 1554 2277 mi
1571 2237 1775 2278 Chremes
1785 2240 1834 2278 ?’'

283 2315 499 2354 exclamat
529 2315 717 2363 „malam
744 2325 836 2353 rem
863 2315 962 2353 hinc
989 2315 1111 2353 ibis.”
1140 2315 1316 2362 Egregie
1344 2314 1602 2353 Scholiasta:
1635 2315 1836 2363 „apparet

282 2382 404 2428 illum
437 2400 570 2429 manu
601 2391 766 2428 tactum
800 2400 907 2439 esse,
942 2390 1012 2438 qui
1044 2390 1106 2428 sic
1137 2390 1376 2428 irascitur.'’
1409 2390 1631 2428 Postremo
1657 2390 1836 2438 Pythias

283 2468 420 2512 (537):
454 2467 632 2516 „amabo
659 2468 707 2505 ut
733 2467 833 2505 illuc
859 2469 1055 2506 transeas
1082 2467 1153 2505 ubi
1179 2466 1253 2505 illa
1279 2467 1386 2505 est.''
1415 2466 1545 2505 Recte
1573 2466 1833 2505 Scholiasta:

321 2618 341 2652 ¹)
362 2618 405 2647 Of.
425 2618 552 2648 Andria
571 2620 631 2647 191.
651 2619 757 2648 Senex
776 2619 908 2648 Davum
924 2618 1168 2655 perterriturus,
1185 2626 1227 2647 ne
1244 2618 1322 2652 quid
1337 2617 1496 2647 moliatur
1506 2619 1621 2648 contra
1629 2617 1690 2647 filii
1699 2617 1836 2653 nuptias

282 2680 302 2700 a
329 2680 366 2701 se
391 2672 548 2708 decretas,
572 2672 681 2707 longis
704 2673 811 2701 utitur
830 2672 1034 2708 ambagibus.
1054 2671 1198 2700 Tandem
1218 2678 1350 2700 servus:
1370 2671 1458 2707 „Hoc
1477 2670 1555 2705 quid
1573 2671 1637 2700 sit’'
1655 2671 1752 2706 rogat
1769 2677 1836 2700 non

281 2725 408 2761 herum,
437 2725 477 2753 ut
494 2724 618 2760 opinor,
639 2724 696 2753 sed
715 2725 928 2759 spectatores.
948 2724 1094 2753 Colorem
1114 2723 1290 2752 verborum
1309 2723 1434 2758 optime
1452 2723 1568 2752 reddes
1587 2723 1650 2751 hac
1668 2722 1835 2753 versione:

283 2778 351 2813 „Nu
371 2785 432 2807 zou
450 2778 486 2806 ik
513 2778 590 2806 toch
607 2778 671 2806 wel
690 2785 767 2806 eens
786 2778 898 2806 willen
915 2784 1040 2812 vragen
1059 2783 1150 2805 waar
1168 2776 1226 2804 dat
1242 2775 1328 2804 heen
1346 2776 1463 2804 moet.''

319 2831 340 2864 2)
370 2830 414 2858 cf.
444 2830 485 2858 ad
513 2830 613 2858 Andr.
643 2830 698 2866 IV,
724 2831 751 2865 3,
778 2831 825 2858 18:
855 2830 963 2865 „Inte
971 2829 1135 2858 nderam
1163 2829 1302 2857 verbum
1330 2836 1350 2856 a
1379 2828 1595 2857 venatoribus
1617 2826 1831 2862 translatum,

283 2882 339 2916 qui
367 2882 454 2910 retia
482 2882 660 2911 intendunt
688 2883 729 2911 ad
758 2882 845 2911 feras
874 2882 1057 2916 capiendas.
1085 2880 1167 2917 Quia
1195 2887 1271 2915 ergo
1299 2881 1396 2915 parat
1425 2880 1595 2910 Chremem
1615 2880 1650 2909 et
1667 2879 1834 2909 Simonem

283 2934 405 2970 fallere,
423 2934 684 2964 intenderam
704 2934 800 2965 dixit.
818 2933 872 2964 vel
892 2941 912 2963 a
930 2932 1065 2971 sagittis
1085 2933 1185 2969 atque
1204 2933 1308 2963 arou?
