2002 3464
1051 373 1102 412 16

298 499 349 536 ad
392 508 442 536 ea
483 508 590 545 quae
632 497 811 536 iamiam
851 498 1078 546 rogaturus
1116 499 1259 537 sum'’.
1304 499 1664 549 Interrogationes
1701 502 1848 542 autem

298 583 447 611 omnes
494 573 592 611 illae
638 583 789 611 vocem
835 573 1008 611 talem
1054 584 1205 612 versus
1251 575 1329 613 161
1374 576 1618 624 respiciunt.
1663 575 1727 615 Si·
1747 586 1849 616 vero

296 647 499 696 fingimus
551 648 841 687 sollicitat
887 648 957 687 hic
1004 658 1098 687 esse
1148 650 1216 698 „te
1262 660 1287 688 a
1332 660 1403 688 me
1450 651 1687 690 abstrahit”
1735 652 1850 691 recte

295 724 454 762 habent
486 723 642 762 omnia.

359 799 440 837 164
473 809 535 846 sq.
570 799 655 837 Sua
686 799 796 838 dona
827 801 1156 839 enumeraturus
1188 800 1397 840 Phaedria
1427 802 1490 841 sic
1520 802 1690 851 incipit:

560 874 674 913 Num
705 875 823 914 solus
854 875 924 914 ille
957 876 1066 914 dona
1100 876 1204 914 dat?
1236 876 1430 915 Nuncubi
1459 888 1605 916 meam

561 950 880 999 Benignitatem
911 951 1087 990 sensisti
1118 951 1162 990 in
1193 953 1236 990 te
1269 952 1468 992 claudier.
1489 955 1499 962 '
1762 1002 1766 1007 ὁ

294 1027 477 1066 Vetusta
517 1026 623 1064 haec
665 1027 732 1065 est
774 1026 911 1076 lectio,
957 1026 1000 1065 in
1042 1036 1126 1074 qua
1168 1014 1354 1066 claudi
1397 1029 1463 1067 est
1498 1039 1602 1067 non
1631 1030 1848 1078 patere3

296 1102 379 1141 alia
404 1102 530 1142 lectio
558 1105 624 1142 est
652 1104 928 1153 claudere,
957 1106 1006 1143 ut
1027 1098 1291 1144 claudere
1317 1106 1505 1145 sitidem
1522 1116 1572 1146 ac
1588 1105 1850 1146 claudEre

296 1179 574 1226 (claudicare).
604 1179 740 1229 Quam
757 1180 857 1219 licet
874 1181 1097 1220 defendere
1115 1192 1191 1230 ego
1210 1183 1357 1221 contra
1373 1192 1643 1222 summorum
1659 1182 1850 1222 virorum

295 1255 597 1294 auctoritatem
638 1257 784 1306 nolim,
829 1258 978 1295 tamen
1019 1268 1155 1306 neque
1197 1259 1354 1297 reticeo
1396 1259 1553 1298 in·illo
1597 1258 1851 1298 claudier

295 1341 389 1369 esse
431 1332 540 1379 quod
582 1332 695 1370 male
737 1343 807 1371 me
849 1333 1016 1371 habeat.
1061 1333 1258 1372 Afferunt
1299 1335 1412 1372 hunc
1454 1333 1668 1374 Ciceronis
1707 1333 1850 1372 locum

295 1406 359 1451 (de
393 1406 470 1445 Off.
505 1407 556 1456 H,
591 1408 680 1453 15):
718 1408 830 1456 „Nec
861 1409 922 1446 ita
954 1409 1188 1448 claudenda
1220 1411 1286 1448 est
1316 1419 1384 1448 res
1417 1409 1642 1448 familiaris
1672 1410 1722 1448 ut
1753 1419 1850 1448 eam

293 1481 535 1530 benignitas
568 1483 730 1531 aperire
762 1493 846 1522 non
877 1484 1025 1533 possit,
1060 1494 1138 1522 nec
1170 1484 1231 1523 ita
1262 1467 1490 1522 reseranda
1515 1485 1564 1522 ut
1589 1485 1735 1532 pateat
1761 1494 1848 1523 om-

294 1557 460 1596 nibus’'.
515 1558 595 1596 Sed
643 1558 700 1596 ibi
741 1558 883 1606 imago
926 1558 999 1597 illa
1039 1559 1176 1598 multo
1219 1559 1457 1608 elegantius
1499 1560 1542 1598 et
1582 1559 1742 1598 rectius
1783 1560 1849 1598 est

295 1633 495 1671 adhibita.
539 1633 592 1672 Et
632 1635 778 1672 nostro
815 1634 1002 1672 Terentii
1043 1634 1134 1673 loco
1177 1635 1360 1674 Tulliani
1401 1635 1565 1673 ratione
1596 1634 1743 1673 habita
1773 1643 1847 1684 pro

295 1709 347 1746 in
392 1710 445 1747 te
491 1709 749 1757 requirimus
795 1710 914 1748 tibi.
959 1709 1179 1758 Bentlejus
1211 1710 1412 1749 coniecit:
1446 1704 1845 1759 intercludier,

295 1785 404 1831 quod
435 1795 587 1832 parum
618 1784 853 1823 verisimile
884 1786 1055 1833 propter
1085 1785 1215 1823 Andr.
1251 1786 1358 1824 573:

528 1860 634 1899 Nolo
665 1860 743 1898 tibi
774 1859 911 1898 ullum
944 1861 1218 1899 commodum
1250 1860 1294 1898 in
1325 1871 1395 1898 me
1427 1860 1624 1909 claudier,

293 1935 364 1973 ubi
396 1935 450 1973 in
480 1945 560 1974 me
593 1935 847 1974 claudier
878 1936 1045 1985 legitur,
1080 1936 1123 1974 et
1153 1937 1267 1974 recte
1299 1935 1418 1974 tibi.

352 2020 416 2048 vs.
454 2011 535 2049 165
568 2020 658 2058 sqq,
721 2010 839 2049 Haec
871 2021 969 2059 ergo
999 2009 1205 2049 beneficia
1236 2020 1314 2049 sua
1346 2011 1496 2049 Thaidi
1522 2010 1566 2049 in
1592 2010 1848 2049 memoriam

294 2086 467 2124 revocat
498 2086 728 2124 Phaedria:

529 2161 677 2199 Nonne
708 2160 780 2199 ubi
811 2161 873 2199 mi
905 2161 1014 2199 dixti
1046 2171 1198 2209 cupere
1229 2163 1272 2200 te
1305 2172 1360 2200 ex
1389 2162 1618 2209 Aethiopia

529 2236 801 2286 Ancillulam,
835 2236 999 2275 relictis
1030 2237 1157 2275 rebus
1188 2237 1386 2275 omnibus

530 2311 760 2362 Quaesivi?
791 2322 913 2360 porro
945 2312 1198 2351 Eunuchum
1231 2312 1339 2351 dixti
1370 2313 1480 2351 velle
1511 2314 1566 2361 te,

529 2387 635 2436 Quia
665 2388 781 2426 solae
811 2389 992 2427 utuntur
1021 2388 1089 2426 his
1119 2388 1311 2436 reginae:
1346 2388 1521 2436 repperi.

294 2463 454 2502 Omnes
509 2463 662 2501 horum
718 2473 924 2502 versuum
963 2463 1128 2511 lepores
1170 2463 1365 2502 accurate
1407 2463 1567 2502 indicat
1608 2463 1847 2504 Scholiasta

293 2538 558 2592 annotando:
611 2538 741 2587 „Vide
794 2539 1155 2586 quemadmodum
1207 2538 1407 2577 exhibeat
1443 2540 1570 2586 atque
1617 2549 1846 2578 aerumnas

293 2613 374 2652 sibi
405 2613 752 2652 difficillimorum
782 2624 1012 2652 munerum
1039 2613 1152 2652 dicat
1178 2613 1434 2661 imposuisse
1461 2614 1745 2653 meretricem.
1773 2614 1847 2653 Ex

293 2676 596 2738 Aethiopia
644 2689 976 2727 ancillulam
1019 2689 1156 2736 inquit
1197 2689 1344 2727 dixti
1386 2690 1438 2727 te
1482 2699 1695 2738 cupere.
1740 2689 1845 2739 Quid

294 2774 370 2812 ego
396 2764 477 2803 feci
504 2764 548 2802 in
573 2774 618 2802 re
646 2764 751 2802 coeli
779 2765 821 2802 et
848 2764 951 2803 solis
979 2765 1021 2803 et
1042 2774 1175 2812 paene
1193 2764 1305 2803 orbis
1323 2764 1533 2803 alterius?
1560 2763 1841 2813 quaesivi,

292 2850 377 2878 non
419 2839 535 2878 enim
566 2840 610 2878 in
640 2841 840 2888 promptu
872 2841 975 2879 erat.
1008 2838 1167 2878 Deinde
1198 2850 1283 2878 non
1314 2840 1477 2888 petiisti
1508 2841 1583 2879 sed
1614 2840 1840 2889 dixisti,

293 2926 371 2955 nec
401 2916 511 2955 velle
542 2917 585 2954 te
617 2916 691 2954 sed
725 2926 945 2966 cupere,
979 2926 1063 2954 non
1095 2915 1262 2964 nigram
1294 2917 1368 2954 sed
1400 2927 1455 2955 ex
1484 2915 1732 2966 Aethiopia;
1766 2925 1845 2955 nec
