2002 3464
943 406 998 445 55

982 532 1029 569 tu
1061 531 1143 580 pol,
1177 531 1215 569 si
1246 531 1363 580 sapis

329 606 447 656 Quod
478 607 564 646 5015
595 606 749 655 1105015,
783 617 921 655 neque
953 607 1005 645 de
1036 607 1241 646 Eunucho
1273 617 1410 656 neque
1442 607 1493 646 de
1524 607 1631 646 vitio

1569 682 1778 731 [virginis.

326 758 418 798 Hac
449 769 495 798 re
527 759 571 798 ot
602 759 645 798 te
678 759 796 797 omni
829 758 956 797 turba
987 758 1161 798 evolves
1195 760 1238 798 et
1270 759 1332 798 illi
1363 760 1537 808 gratum
1568 758 1733 798 feceris

205 834 320 874 illi:
357 834 568 884 „virgini”
602 835 664 874 ait
701 834 954 883 Scholiasta,
998 834 1287 883 „Phaedriae”
1316 834 1658 874 Westerhovius.
1687 834 1780 873 Hoc

203 910 348 960 potius
395 910 541 950 credo:
585 911 809 959 gratum
850 910 1040 949 facere
1082 910 1144 948 illi
1186 911 1381 960 dicimur,
1423 911 1495 959 qui
1536 910 1689 949 statim
1723 920 1778 948 ex

203 987 352 1026 nostro
392 985 507 1025 facto
539 986 700 1034 aliquid
733 986 948 1025 commodi
976 986 1035 1024 sit
1066 986 1293 1035 capturus;
1328 997 1413 1026 non
1444 988 1617 1036 ponitur
1648 988 1700 1026 de
1733 998 1778 1026 re

202 1071 334 1111 quam
375 1062 472 1111 quis
512 1062 738 1101 tandem
770 1061 1076 1109 aliquando
1109 1062 1190 1101 sibi
1221 1063 1434 1111 profuisse
1465 1073 1672 1102 sensurus
1704 1063 1774 1101 sit.

259 1137 374 1177 Dum
415 1138 522 1178 haec
563 1138 807 1188 loquuntur,
848 1138 1262 1187 appropinquantem
1295 1139 1444 1178 vident
1476 1139 1775 1187 Chremetem;

199 1206 433 1273 paucisque
473 1214 618 1253 verbis
659 1214 812 1253 Dorias
844 1214 1102 1263 Pythiadem
1136 1215 1363 1254 certiorem
1395 1215 1499 1254 facit
1531 1216 1694 1264 turbae,
1730 1225 1777 1254 se

201 1290 335 1329 etiam
360 1291 587 1340 praesente
614 1291 726 1330 inter
753 1291 962 1330 Thaidem
989 1292 1032 1330 et
1058 1291 1246 1330 militem
1269 1293 1399 1341 ortae,
1429 1302 1618 1340 moxque
1636 1292 1776 1340 ipsam

201 1366 436 1406 affuturam
478 1367 608 1406 addit.
653 1367 764 1406 Tum
805 1367 1015 1416 Pythiade
1052 1368 1226 1407 iubente
1258 1379 1357 1407 cum
1390 1369 1565 1408 Thaidis
1597 1379 1700 1407 auro
1733 1368 1775 1406 in

200 1442 329 1482 aedes
360 1443 462 1494 abit,
496 1443 591 1493 ipsa
622 1443 802 1492 Pythias
835 1445 936 1483 ante
969 1444 1131 1483 ostium
1162 1446 1371 1484 remanet.

745 1767 892 1806 Ac'rus
925 1766 983 1805 IV
1016 1767 1160 1806 SCENA
1192 1768 1231 1805 5.

258 1908 415 1958 Lepide
443 1907 650 1948 Chremes
677 1908 921 1957 depingitur
948 1918 973 1946 a
995 1918 1101 1947 cena
1127 1908 1282 1946 militis
1304 1891 1483 1946 Veniens
1499 1908 1590 1946 vini
1607 1908 1771 1957 plenus,

197 1994 336 2033 neque
366 1985 517 2024 tamen
548 1984 732 2033 turpiter
764 1984 919 2033 ebrius,
949 1984 1025 2023 sed
1061 1984 1225 2033 „multo
1258 1983 1461 2022 hilarior’'
1496 1984 1640 2029 (verba
1672 1985 1775 2022 sunt

197 2060 304 2100 haec
330 2060 513 2100 iocantis
540 2060 779 2109 Pythiadis)
809 2070 939 2108 quarn
967 2060 1141 2098 dudum.
1175 2060 1318 2109 „Atat,
1348 2060 1449 2098 data
1475 2060 1618 2099 hercle
1647 2060 1776 2098 verba

196 2136 305 2176 mihi
331 2137 456 2176 sunt:
484 2136 591 2176 vicit
615 2136 769 2175 vinum
797 2136 908 2184 quod
925 2136 1039 2174 bibi’'
1059 2136 1122 2175 sic
1140 2136 1348 2175 accedens
1365 2136 1554 2184 loquitur
1567 2138 1644 2182 (vs.
1661 2137 1773 2185 727),

195 2211 268 2251 ubi
298 2212 366 2251 vis
397 2212 710 2252 interiectionis
743 2213 867 2251 atat
899 2212 1068 2261 egregie
1101 2223 1126 2251 a
1158 2212 1400 2251 Scholiasta
1427 2212 1669 2251 illustratur
1695 2213 1776 2251 hac

196 2288 496 2330 annotatione:
549 2289 720 2338 „atatz
769 2287 1011 2328 interiectio
1054 2289 1122 2328 est
1162 2288 1374 2338 paulatim
1415 2289 1604 2338 percepti
1646 2289 1775 2337 atque

196 2364 406 2406 intellecti
437 2364 586 2403 mali.'’

256 2441 357 2481 Mox
372 2440 632 2490 Pythiadem
649 2441 773 2490 rogat
791 2441 935 2480 iamne
947 2442 1116 2480 venerit
1128 2441 1259 2480 Thais
1274 2453 1282 2490 ;
1297 2442 1370 2480 illa
1381 2452 1484 2481 vero
1496 2441 1754 2480 mirabunda
1767 2452 1775 2478 :

203 2527 286 2567 „an
319 2517 426 2557 abiit
455 2517 545 2556 iam
577 2527 602 2556 a
634 2517 774 2556 milite
786 2518 835 2556 ‘?''
869 2519 947 2563 (vs.
983 2517 1096 2563 733).
1130 2517 1376 2567 Respondet
1403 2517 1609 2556 Chremes
1639 2518 1778 2563 (734):

376 2593 471 2632 Iam
502 2593 676 2643 dudum,
712 2594 926 2632 aetatem:
960 2593 1060 2632 lites
1091 2593 1232 2633 factae
1265 2594 1368 2632 sunt
1400 2594 1512 2633 inter
1544 2603 1617 2632 eos
1729 2586 1739 2591 “

1522 2670 1778 2716 [maximae.

258 2745 471 2795 Agnoscis
497 2744 760 2794 gravitatem
788 2745 1075 2785 adolescentis
1102 2755 1202 2784 cum
1230 2745 1451 2785 hilaritate
1474 2746 1776 2790 alternantem.

198 2821 280 2861 Hic
314 2821 495 2870 Pythias
528 2821 666 2868 (735):

633 2897 701 2936 Nil
734 2898 845 2937 dixit
875 2899 924 2937 tu
956 2899 1004 2937 ut
1036 2908 1262 2946 sequerere
1294 2898 1423 2937 sese?

198 2973 252 3012 Et
283 2972 518 3013 Chremes:
642 2973 723 3023 Nil,
757 2973 841 3012 nisi
873 2974 1022 3013 abiens
1054 2973 1115 3012 mi
1148 2973 1301 3012 innuit.
