2002 3464
571 820 888 894 CAPUT
941 818 1383 892 TERTIUM.

171 1091 173 1093 ’
247 1089 324 1128 Vir
350 1089 629 1129 doctissimus
657 1087 734 1127 Gu.
758 1087 1038 1135 Weinberger
1060 1085 1104 1124 in
1122 1085 1438 1133 dissertatione,
1459 1093 1567 1132 quae
1584 1082 1764 1131 legitur:

187 1165 364 1206 Wiener
405 1165 583 1204 Studien
628 1164 740 1203 1892
783 1174 822 1212 p.
866 1163 948 1201 120
985 1172 1091 1211 sqq„
1133 1162 1183 1200 de
1216 1161 1269 1199 iis
1301 1160 1558 1209 praesertim
1590 1157 1766 1197 scholiis

175 1242 458 1294 ,Terentianis
490 1241 592 1291 agit,
626 1250 736 1289 quae
768 1240 821 1279 ad
854 1240 1050 1278 actorum
1083 1239 1257 1287 gestum
1288 1237 1518 1286 pertinent,
1548 1235 1764 1283 conqueri-

115 1337 119 1340 -
186 1320 342 1368 turque
373 1318 484 1367 quod
516 1327 602 1356 non
633 1316 743 1355 satis
774 1316 885 1355 ratio
917 1315 1127 1354 habeatur
1159 1314 1384 1363 Lessingii,
1414 1312 1623 1362 praeclari
1650 1311 1766 1350 illius

187 1395 240 1435 de
279 1405 326 1435 re
367 1395 537 1434 scenica
579 1393 745 1442 iudicis,
791 1393 863 1441 qui
904 1391 1092 1431 summis
1133 1391 1208 1430 illa
1245 1390 1410 1430 scholia
1442 1388 1648 1428 extulerit
1678 1387 1765 1426 lau·

187 1471 324 1522 dibus,
368 1471 461 1520 ipse
501 1472 652 1510 tamen
694 1469 826 1508 nimis
873 1468 1144 1518 „Donatum”
1188 1467 1364 1506 laudare
1409 1465 1546 1504 cavet.
1589 1463 1650 1502 De
1684 1473 1767 1511 qua

160 1600 162 1602 ,
186 1547 482 1597 Weinbergeri
513 1546 817 1586 dissertatione
849 1546 1081 1594 postquam
1108 1544 1219 1583 dixit
1246 1543 1458 1592 quaedam
1486 1541 1767 1580 doctissimus

187 1626 260 1666 ille
300 1625 350 1665 R.
395 1624 637 1674 Sabbadini,
683 1634 812 1672 quem
854 1623 984 1662 toties
1026 1622 1114 1661 iam
1157 1621 1332 1660 honoris
1365 1629 1497 1659 causa
1527 1618 1764 1667 nominavi,

187 1702 295 1742 haec
325 1702 465 1741 addit:
502 1701 636 1751 „Utut
670 1701 748 1749 est,
778 1699 914 1738 deerit
941 1698 1152 1737 eiusmodi
1179 1695 1552 1745 disquisitionibus
1579 1695 1766 1734 solidum

186 1779 520 1819 fundamentum
551 1776 759 1826 quamdiu
791 1776 1034 1816 carebimus
1066 1774 1330 1814 scholiorum
1357 1773 1544 1812 editione
1571 1772 1762 1811 critica.'’

187 1857 242 1897 Et
281 1856 445 1896 multos
486 1856 575 1895 iam
616 1855 733 1894 viros
776 1854 924 1893 doctos
967 1836 1180 1892 eiusmodi
1223 1851 1383 1899 aliquid
1416 1850 1561 1890 audivi
1594 1851 1764 1889 conten-

188 1934 352 1982 dentes,
386 1932 462 1971 sed
494 1942 576 1980 quo
608 1931 753 1980 plures
785 1930 911 1969 audio
939 1939 988 1968 eo
1015 1928 1149 1968 miror
1175 1928 1330 1976 magis.
1361 1927 1468 1977 Quid
1496 1927 1645 1965 enim?
1672 1926 1766 1965 Non

187 2009 427 2060 poterimus
468 2008 519 2047 de
561 2007 823 2046 scholiorum
866 2006 1122 2054 argumento
1165 2015 1264 2043 cum
1297 2004 1439 2052 aliquo
1471 2003 1614 2042 fructu
1647 2003 1765 2041 insti-

187 2087 309 2125 tuere
350 2083 662 2134 quaestionem,
706 2092 920 2131 exponere
962 2081 1085 2120 nobis
1128 2091 1213 2120 non
1254 2080 1400 2119 licebit
1432 2090 1646 2128 quaenam
1678 2079 1766 2118 fere

189 2171 259 2202 res
299 2161 344 2200 in
375 2160 429 2200 iis
460 2160 713 2209 tractentur,
748 2158 1014 2208 probabilem
1047 2158 1099 2196 de
1131 2167 1281 2196 eorum
1315 2156 1478 2205 origine
1511 2156 1639 2206 atque
1673 2165 1766 2194 auc-

116 2280 121 2282 *
188 2237 354 2277 toribus
394 2236 582 2286 proferre
624 2235 901 2284 sententiam,
946 2234 1128 2282 denique
1171 2233 1353 2282 singulis
1391 2243 1541 2271 eorum
1573 2231 1768 2280 partibus

189 2324 319 2354 suum
350 2313 542 2353 statuere
573 2311 774 2362 pretium,
805 2311 905 2360 quia
931 2311 1166 2350 nemodum
1193 2310 1237 2348 in
1265 2309 1578 2348 commentario
1606 2309 1768 2348 edendo

190 2389 407 2430 codicibus
449 2399 504 2428 ex
535 2389 642 2428 artis
675 2388 848 2428 criticae
880 2387 1121 2437 praeceptis
1154 2396 1259 2425 usus
1292 2387 1390 2425 est?
1423 2385 1532 2424 Male
1565 2395 1665 2434 ergo
1698 2395 1767 2424 no-

189 2466 359 2506 biscum
407 2466 571 2515 agitur:
620 2475 828 2514 perquam
876 2464 992 2503 enim
1039 2463 1277 2502 verisimile
1325 2463 1392 2501 est
1434 2462 1584 2501 nostra
1625 2462 1768 2500 aetate

191 2540 404 2582 eiusmodi
445 2540 679 2580 editionem
722 2541 765 2579 in
807 2540 949 2579 lucem
982 2549 1068 2578 non
1099 2539 1379 2588 prodituram.
1414 2537 1526 2577 Nam
1559 2538 1631 2586 qui
1663 2537 1767 2576 olim

191 2618 315 2658 illum
346 2616 539 2656 laborem
573 2616 766 2666 aggressi
797 2617 911 2666 sunt,
941 2616 1056 2655 diem
1085 2625 1339 2664 supremum
1367 2614 1565 2653 obierunt
1591 2624 1766 2662 omnes;

193 2694 289 2733 illos
332 2693 403 2742 qui
445 2694 621 2732 secutus
663 2694 730 2732 est
771 2704 797 2732 a
837 2692 1055 2742 proposito
1097 2692 1286 2740 destitit3
1327 2691 1509 2739 denique
1541 2691 1613 2738 qui
1644 2690 1769 2729 unice

193 2770 365 2819 negotio
406 2779 483 2818 par
525 2770 617 2808 erat
658 2770 786 2818 atque
828 2769 1019 2818 idoneus,
1061 2767 1266 2816 quoniam
1297 2767 1442 2816 plures
1474 2777 1605 2815 quam
1638 2758 1769 2806 ceteri

192 2855 346 2886 omnes
373 2845 541 2884 codices
567 2855 700 2884 manu
727 2846 932 2895 versavit,
962 2846 1187 2892 artemque
1219 2842 1623 2893 palaeographicam
1650 2853 1766 2891 prae-

194 2922 308 2964 clare
345 2921 485 2972 callet,
519 2921 663 2973 ipsum
695 2921 1003 2963 Sabbadinium
1035 2921 1141 2972 dico,
1176 2921 1227 2959 de
1260 2920 1422 2960 edendo
1455 2919 1768 2960 commentario
