2002 3464
1020 405 1101 443 148

282 527 427 577 „velut
452 528 720 576 prooemium
747 529 970 566 narratum
998 528 1106 567 est.’'
1134 528 1183 567 In
1200 528 1428 568 Klotziana
1444 540 1518 578 pro
1545 531 1835 569 narratum

277 603 433 651 legitur
473 603 841 642 narrationis.
875 602 1007 642 Multo
1039 603 1278 651 elegantius
1309 605 1375 642 est
1406 604 1515 651 quod
1548 605 1686 643 maior
1715 604 1834 643 Wes-

277 679 531 718 terhoviana
561 678 712 717 habet:
746 689 774 717 n
787 689 812 717 a
824 689 844 717 r
856 689 877 717 r
889 688 914 717 a
925 679 944 716 t
954 689 983 716 u
994 689 1015 716 r
1026 678 1052 717 i.

339 755 406 793 26.
445 754 579 803 Quid
610 765 691 793 me
722 754 742 792 f
750 754 860 793 iet?
891 754 1024 792 miser
1056 754 1126 792 ille
1159 753 1368 793 Charinus
1400 755 1628 794 exclamat.
1661 754 1835 793 Placare

278 840 376 868 eum
409 830 554 868 studet
584 830 730 868 Davus
760 830 969 878 rogando:

455 905 543 944 Eho
565 906 613 943 tu
629 905 868 954 impudens,
888 914 973 943 non
989 905 1097 943 satis
1114 904 1258 954 habes,
1278 905 1388 952 quod
1404 905 1482 943 tibi
1499 904 1711 943 dieculam
1727 904 1835 944 addo

455 980 672 1029 Quantum
702 980 802 1019 huic
832 990 1063 1028 promoveo
1096 980 1280 1028 nuptias.

276 1056 341 1094 Ad
374 1056 502 1103 quid
533 1066 614 1094 me
645 1055 665 1094 f
673 1056 752 1094 iet
783 1056 1035 1094 annotatur:
1073 1054 1205 1103 „Quid
1238 1055 1399 1103 igitur?
1430 1055 1530 1103 quid
1556 1055 1607 1094 de
1633 1065 1704 1094 me
1729 1054 1836 1094 fiet?

276 1131 340 1169 Ab
383 1142 431 1170 eo
474 1131 554 1170 hoc
595 1131 717 1179 quasi
760 1141 785 1169 a
826 1131 993 1169 iocante
1030 1130 1393 1179 pronuntiandum
1424 1131 1513 1178 est;
1546 1136 1648 1169 nam
1680 1131 1742 1170 sic
1773 1129 1835 1169 illi

276 1207 501 1255 impudens
527 1206 797 1255 respondet.”
825 1206 991 1244 Ultima
1017 1205 1090 1244 illa
1116 1193 1238 1244 nam
1265 1227 1319 1233 —
1347 1206 1652 1254 respondet
1676 1203 1833 1254 signifi-

277 1283 397 1320 cant:
445 1282 564 1331 „ideo
605 1282 650 1320 in
681 1291 884 1330 responso
916 1281 1062 1320 Davus
1093 1281 1300 1320 vocabulo
1332 1281 1625 1329 impudens
1655 1280 1833 1320 utitur.’‘

277 1356 485 1406 Quoniam
528 1358 674 1395 autem
711 1356 889 1395 iocari
921 1366 1006 1394 non
1038 1357 1104 1394 est
1135 1355 1410 1405 impudentis,
1444 1355 1621 1394 dubium
1651 1365 1737 1394 non
1767 1356 1836 1394 est

275 1432 377 1480 quin
424 1433 648 1471 iocante
696 1433 942 1480 corruptum
989 1432 1058 1470 sit.
1106 1431 1340 1469 Videamus
1387 1441 1571 1479 sequens
1616 1430 1832 1469 scholion:

279 1508 470 1556 „proprie
527 1506 708 1546 Charino
767 1507 876 1545 dixit
932 1507 1170 1555 impudens,
1219 1506 1341 1554 quasi
1387 1506 1562 1544 insolita
1607 1506 1650 1544 et
1694 1505 1834 1544 multa

275 1582 510 1631 poscenti.’'
544 1583 655 1631 Lege
688 1592 786 1630 ergo
818 1582 1087 1630 poscente
1121 1582 1164 1619 et
1190 1581 1344 1630 confer,
1369 1591 1477 1628 quae
1503 1590 1633 1629 supra
1659 1582 1711 1628 (p.
1734 1579 1830 1625 137)

274 1657 388 1696 dicta
428 1659 530 1695 sunt
571 1657 621 1696 de
663 1657 716 1695 iis
758 1657 842 1706 qui,
885 1655 1140 1695 beneficium
1181 1656 1284 1694 dum
1324 1656 1488 1704 petunt,
1528 1655 1754 1693 consilium
1785 1664 1832 1692 se

273 1733 417 1780 petere
459 1732 678 1771 simulant.
722 1732 949 1771 Praeterea
990 1731 1187 1779 equidem
1218 1730 1650 1779 pronuntiatum
1680 1728 1833 1768 malim

274 1818 404 1856 quam
454 1807 935 1856 pronuntiandum
977 1805 1051 1852 (Of.
1094 1817 1133 1855 p.
1179 1807 1233 1845 75
1276 1806 1327 1844 de
1367 1804 1597 1854 praeterito
1638 1805 1832 1853 tempore
1856 1814 1860 1817 ·

274 1883 569 1922 huiuscemodi
600 1883 732 1929 locis).

333 2034 402 2084 IV,
447 2035 486 2084 3,
521 2035 560 2073 3.
594 2033 660 2072 Ad
690 2033 871 2072 virum
899 2033 952 2071 in
984 2032 1184 2080 quovis
1214 2032 1334 2070 loco
1366 2032 1624 2079 paratum
1656 2030 1830 2069 annota-

273 2111 364 2148 tur:
411 2110 694 2158 „paratum
735 2089 846 2147 dixit
877 2108 929 2146 ad
961 2118 1111 2146 omnes
1143 2107 1334 2155 affectus
1369 2106 1626 2154 quicumque
1657 2105 1709 2144 de
1739 2115 1829 2154 pro-

272 2185 392 2223 ximo
420 2195 514 2223 esse
541 2184 764 2232 possunt.’'
792 2184 941 2231 Inepto
969 2193 1166 2221 sermone
1183 2183 1263 2220 hoc
1280 2181 1456 2220 dicitur:
1479 2181 1704 2229 „paratum
1721 2180 1830 2219 dixit

273 2260 325 2298 ad
367 2270 518 2298 omnes
560 2259 739 2297 affectus
781 2258 925 2297 animo
963 2257 1189 2306 capiendos
1220 2257 1391 2295 illorum
1422 2265 1529 2303 quos
1560 2254 1830 2294 artissimum

273 2335 485 2383 quoddam
527 2334 665 2382 iungit
705 2334 970 2372 vinculum.’'
1014 2331 1296 2381 Comparandi
1338 2331 1453 2369 enim
1493 2339 1623 2368 causa
1654 2329 1831 2369 affertur

273 2410 551 2448 Homericum
583 2409 687 2447 illud
707 2405 851 2459 Ἕκτορ
883 2406 979 2459 ἀτὰρ
1012 2407 1060 2446 σύ
1092 2404 1164 2445 κτὲ.
1671 2389 1674 2391 Δ

332 2560 401 2609 IV,
445 2560 484 2608 4,
530 2560 568 2597 7.
610 2558 756 2597 Davus
798 2569 823 2597 a
863 2558 953 2596 foro
995 2568 1041 2596 se
1083 2556 1228 2595 venire
1270 2555 1481 2594 simulans
1521 2554 1583 2594 sic
1619 2554 1827 2604 loquitur:

276 2645 410 2684 „quae
435 2634 534 2672 lites
562 2635 684 2672 erant
710 2634 753 2671 in
779 2633 882 2683 foro,
911 2634 1014 2681 quot
1039 2632 1247 2680 homines
1267 2641 1398 2678 quam
1415 2630 1590 2669 ardebat
1607 2630 1826 2669 annonal'’

272 2710 496 2748 Postremo
548 2709 686 2747 addit:
736 2708 871 2757 Quid
914 2709 1092 2747 dicam
1134 2706 1287 2745 aliud
1328 2706 1533 2744 nescio.
1577 2705 1659 2744 Hic
1700 2714 1826 2744 anno-

271 2787 410 2824 tatur:
457 2785 563 2834 „hoc
603 2786 700 2833 post
741 2784 1046 2833 spectatores.'’
1088 2782 1334 2830 Legendum
1376 2791 1471 2820 esse
1512 2781 1680 2829 opinor:
1722 2779 1828 2828 „hoc

271 2862 398 2909 post
439 2871 494 2898 se
537 2860 589 2898 ad
630 2859 936 2908 spectatores‚”
979 2859 1006 2896 i.
1025 2868 1060 2896 e.
1106 2857 1212 2906 „hoc
1254 2856 1306 2894 ad
1334 2857 1612 2914 spectatores,
1646 2855 1749 2893 dum
1779 2864 1826 2893 se

273 2936 525 2974 convertit.”
560 2935 628 2972 Sic
660 2934 775 2972 enim
806 2932 1142 2982 prudentissima
1172 2931 1363 2969 nascitur
1395 2930 1648 2969 observatio.
