2002 3464
902 358 958 398 49

143 490 248 530 nota
274 486 555 539 aegritudinis
582 486 626 526 et
652 485 977 536 desperationis.
1006 486 1100 525 Non
1126 486 1219 525 tam
1247 487 1350 525 sunt
1375 485 1514 536 primo
1537 486 1715 535 aspectu

142 566 370 617 perspicua
409 565 538 605 haec:
585 563 712 614 „quid
753 564 849 602 tum
890 565 1071 613 postea?
1112 563 1172 603 nil
1215 565 1324 604 est.”
1362 555 1535 604 Habent
1565 565 1715 603 tamen

143 643 252 683 haec
307 647 474 692 quoque
529 640 797 690 permultum
852 640 1110 679 venustatis,
1170 641 1366 679 Primum
1424 641 1553 689 quid
1599 642 1714 680 tum

142 719 344 768 postea
375 717 474 767 quid
507 717 566 756 sit
597 717 781 756 constat.
816 715 886 755 Sic
918 716 1035 754 enim
1067 718 1221 764 rogant
1253 717 1325 765 qui
1356 715 1603 766 significant
1634 716 1716 756 sibi

143 794 334 844 aliquam
374 803 468 833 rem
508 802 594 832 non
635 791 773 831 videri
813 792 963 840 magni
994 792 1219 831 momenti.
1243 788 1269 839 ¹)
1302 792 1464 832 Deinde
1495 785 1717 832 vocabulis

143 870 223 910 nil
255 870 342 910 est
367 869 580 909 Phaedria
607 866 823 918 significat
849 868 903 907 in
919 868 1052 907 urbe
1079 868 1187 907 nihil
1214 879 1310 908 esse
1328 869 1439 918 quod
1455 879 1716 918 magnopere

142 946 356 987 desideret
388 945 749 994 (quandoquidem
780 943 869 983 illic
901 955 1067 993 quoque
1099 955 1174 994 per
1205 945 1384 984 biduum
1417 945 1456 984 ei
1483 946 1716 984 carendum

142 1023 210 1063 est
251 1021 426 1069 Thaide)
447 1017 490 1069 ²).
533 1022 650 1061 Bene
691 1028 785 1060 rem
822 1021 1044 1070 perspexit
1076 1021 1330 1072 Scholiasta,
1366 1021 1438 1070 qui
1470 1021 1523 1060 ad
1553 1021 1742 1073 lemma·

141 1099 288 1139 nihil
335 1099 454 1138 est?
501 1099 663 1148 quid?
710 1098 889 1136 nihil?
936 1098 984 1136 si
1031 1108 1136 1137 non
1183 1099 1386 1138 annotat:
1433 1098 1717 1149 „Amantium

141 1175 457 1226 disputationes
484 1174 786 1214 intermiscent
813 1174 1026 1223 quaedam
1054 1174 1234 1214 consilia
1260 1185 1392 1214 sanae
1414 1175 1588 1224 mentis,
1609 1184 1717 1222 quae

113 1293 116 1296 ,
141 1253 292 1293 tamen
318 1251 472 1291 statim
498 1251 766 1300 resurgentis
794 1250 956 1290 amoris
983 1251 1169 1290 saevitia
1195 1251 1524 1290 devincuntur.''
1545 1251 1717 1290 Etenim

142 1329 188 1368 in
227 1327 451 1368 vocabulis
487 1327 635 1367 nihil
667 1328 754 1366 est
787 1327 1017 1366 consilium
1049 1338 1182 1367 sanae
1213 1328 1376 1367 mentis
1408 1326 1541 1366 finem
1572 1327 1716 1376 habet,

141 1414 168 1444 a
198 1404 329 1454 quid
358 1404 548 1454 resurgit
579 1404 740 1443 amoris
771 1403 969 1443 saevitia.

200 1481 315 1522 Dum
361 1481 496 1521 etiam
543 1491 692 1520 secum
739 1481 929 1529 loquitur
970 1481 1193 1530 Phaedria,
1239 1482 1282 1520 et
1324 1481 1376 1520 ab
1419 1481 1556 1520 altera
1596 1481 1718 1530 parte

141 1543 283 1598 otiosa
323 1556 469 1597 adstat
510 1549 675 1607 Dorias,
724 1557 906 1607 „timida
947 1557 1090 1596 subito
1133 1557 1349 1606 egreditur
1381 1557 1605 1606 Pythias.”
1638 1556 1719 1595 His

142 1634 260 1676 enim
300 1633 446 1674 verbis
486 1633 625 1673 utitur
665 1633 878 1672 Phaedria
919 1643 1019 1672 cum
1061 1633 1347 1672 admiratione
1390 1633 1490 1682 quid
1532 1633 1605 1672 illa
1638 1632 1719 1671 sibi

140 1709 248 1750 velit
278 1720 449 1760 rogans.
482 1710 548 1749 Ad
581 1710 845 1749 adiectivum
871 1710 1074 1749 timida
1100 1711 1216 1756 recte
1244 1709 1487 1749 Scholiasta
1513 1710 1716 1748 annotat:

145 1786 396 1837 „timida‚
435 1786 563 1826 modo
596 1796 736 1835 aegra,
771 1786 957 1835 turbata,
993 1787 1254 1836 commota‚''
1289 1775 1460 1833 (modo
1493 1781 1641 1825 autem
1674 1786 1717 1824 et

142 1861 212 1902 1110
249 1863 293 1901 et
323 1862 544 1902 sexcentis
576 1861 673 1901 aliis
704 1862 810 1901 locis
842 1861 1058 1911 significat
1089 1863 1190 1902 hoc
1230 1862 1380 1909 1000).

201 1938 345 1979 Habet
384 1930 574 1988 profecto
615 1939 797 1988 Pythias
829 1950 905 1978 cur
939 1939 1148 1989 „timida”
1181 1939 1251 1978 sit.
1285 1939 1399 1978 Dum
1433 1940 1549 1979 enirn
1566 1939 1718 1979 Dorias

143 2016 188 2055 et
236 2012 448 2055 Phaedria
494 2015 783 2055 adveniebant
830 2017 873 2055 et
920 2017 1020 2055 ante
1068 2016 1231 2055 ostium
1278 2016 1574 2065 loquebantur,
1624 2015 1719 2064 ipsa

143 2091 346 2132 conclave
387 2091 639 2142 intraverat,
683 2092 728 2131 in
770 2102 852 2141 quo
895 2092 1064 2131 ancillis
1106 2093 1354 2132 lavantibus
1396 2093 1547 2132 relicta
1572 2092 1719 2130 ‘fuerat

141 2167 263 2218 virgo
295 2160 563 2219 (Pamphila),
598 2168 740 2218 ibique
773 2170 1034 2218 cognoverat
1065 2179 1151 2208 non
1178 2179 1331 2208 verum
1359 2170 1434 2208 sed
1461 2168 1718 2208 simulatum

141 2244 397 2285 Eunuchum
438 2255 464 2285 a
505 2245 774 2285 Parmenone
806 2246 1114 2286 introductum.
1150 2244 1355 2286 Clamans
1388 2257 1488 2295 ergo
1505 2245 1714 2295 provolat,

141 2322 406 2362 scelerosum
447 2322 670 2362 hominem
702 2333 926 2373 quaerens,
961 2323 1139 2372 eiusque
1170 2324 1336 2363 factum
1369 2326 1413 2363 et
1445 2323 1541 2363 aliis
1574 2323 1718 2362 verbis

143 2399 389 2439 describens
420 2400 464 2439 et
493 2400 613 2439 hisce
646 2401 746 2446 (645
782 2403 885 2448 sq.):

181 2583 203 2618 ¹)
222 2581 368 2617 Belgica:
388 2579 457 2616 „Nu
476 2580 547 2610 wat
564 2587 626 2610 zou
645 2580 746 2610 dat?”

179 2635 203 2670 ⁵)
222 2634 334 2671 Longe
360 2634 514 2664 diversus
543 2642 563 2664 a
589 2637 706 2665 nostro
734 2635 806 2664 loco
835 2637 889 2665 est
915 2643 1036 2665 versus
1067 2635 1281 2666 Phormionis
1299 2636 1366 2673 2083
1389 2637 1505 2665 tamen
1523 2634 1569 2663 ibi
1590 2641 1720 2668 quoque

142 2684 226 2716 illud
250 2687 309 2716 nil
333 2689 400 2717 est
424 2687 564 2718 eandem
589 2688 661 2717 vim
685 2687 797 2718 habet.
815 2688 983 2717 Phaedria
1002 2690 1037 2718 et
1056 2687 1142 2718 Geta
1159 2688 1390 2724 Antiphonem
1409 2689 1593 2725 propinquo
1611 2687 1720 2723 patris

143 2738 291 2768 adventu
314 2737 453 2769 anxium
470 2739 721 2775 sollicitumque
741 2741 866 2777 erigere
886 2742 921 2770 et
941 2741 1136 2770 confirmare
1157 2742 1336 2771 conantur:
1359 2741 1495 2777 frustra,
1513 2741 1611 2777 plane
1631 2740 1719 2769 enim

142 2789 200 2820 ille
229 2791 368 2822 demisit
394 2792 558 2821 animum.
587 2792 734 2822 Tandem
763 2793 857 2830 Geta,
887 2793 973 2822 nihil
1003 2792 1160 2829 proficere
1189 2800 1225 2822 se
1254 2793 1400 2828 alloquio
1430 2800 1490 2822 suo
1519 2791 1723 2827 intelligens,

142 2841 415 2879 indignabundus
443 2838 486 2872 ad
513 2843 728 2874 Phaedriam:
757 2845 840 2881 „hoc
867 2845 915 2873 nil
940 2846 1003 2881 est,
1022 2844 1196 2880 Phaedria,
1215 2845 1324 2874 ilicet”
1344 2845 1365 2874 i.
1376 2852 1402 2874 e.
1421 2845 1484 2874 hoc
1503 2845 1573 2873 loco
1594 2845 1640 2878 (in
1659 2845 1722 2873 hoc

143 2894 290 2932 homine)
316 2896 387 2932 spei
406 2895 492 2925 nihil
511 2898 572 2926 est.
592 2896 712 2926 Totum
733 2904 810 2934 ergo
829 2898 907 2926 hoc:
928 2898 1027 2932 quid
1045 2899 1135 2927 tum
1155 2900 1329 2934 postea?
1350 2898 1409 2927 1111
1436 2899 1500 2927 est
1520 2898 1650 2933 Belgice
1669 2898 1717 2926 sic

142 2948 275 2978 vertas:
295 2943 406 2986 „Maar
425 2955 574 2978 waarom
593 2956 655 2978 zou
674 2949 710 2978 ik
730 2950 821 2979 niet?
843 2951 881 2979 In
901 2950 940 2979 de
962 2951 1037 2980 stad
1057 2951 1119 2979 heb
1140 2951 1175 2980 ik
1195 2951 1273 2980 toch
1293 2952 1410 2980 niets.”

1230 2992 1237 3008 Ι

1599 3006 1615 3032 4
