2002 3464
940 404 1022 443 237

249 529 304 580 H,
349 531 388 580 2,
436 531 502 570 17.
546 529 781 570 Charinum
822 530 955 569 simul
992 539 1091 569 cum
1123 529 1296 568 domino
1329 539 1407 568 suo
1439 530 1561 568 metu
1592 528 1767 567 solvens

189 605 338 647 Davus
368 606 469 646 huic
499 616 674 646 narrare
705 603 767 645 sic
800 606 973 655 incipit:

369 682 486 722 Tuus
516 683 639 732 pater
668 692 741 721 me
772 682 900 721 modo
931 682 1181 731 prehendit:
1215 681 1277 721 ait
1308 681 1387 721 tibi
1419 691 1602 720 uxorem
1635 681 1736 720 dare

344 758 473 798 ,Sese
513 758 651 808 hodie,
695 758 803 797 item
845 757 931 797 alia
971 758 1123 808 multa,
1168 768 1277 806 quae
1309 767 1423 796 nunc
1455 767 1541 797 non
1574 758 1642 796 est
1673 767 1766 795 nar-

1406 834 1544 881 [randi
1573 833 1708 872 100116.

188 910 256 950 Ad
296 910 483 951 alterum
526 921 703 950 versum
745 911 1011 961 adscriptum
1047 911 1271 951 videmus:
1309 911 1442 961 „bene
1474 909 1644 949 distulit
1674 919 1767 948 nar-

188 987 416 1038 rationem,
459 998 526 1038 ne,
570 988 609 1027 si
651 988 849 1028 audirent
890 987 1102 1028 Charinus
1144 989 1188 1027 et
1218 988 1383 1037 Byrria,
1417 987 1618 1027 desinant
1649 985 1769 1025 dolos

176 1052 179 1057 ‘
187 1064 356 1106 struere
403 1064 636 1104 adversum
683 1064 1072 1114 vigilantissimum
1118 1065 1312 1104 senem.”
1361 1063 1645 1103 Rectissime:
1689 1062 1768 1101 hoc

189 1139 307 1180 enim
338 1141 507 1190 spectat
537 1142 665 1190 poeta
695 1142 744 1180 ut
776 1140 951 1180 Charini
983 1142 1025 1180 et
1056 1141 1235 1189 Byrriae
1268 1150 1477 1190 personae
1509 1149 1595 1178 non
1626 1138 1769 1178 solum

189 1215 446 1256 adiiciantur
486 1217 669 1267 fabulae,
703 1217 778 1256 sed
811 1217 946 1256 etiam
978 1217 1313 1267 admisceantur,
1348 1217 1374 1256 i.
1393 1227 1429 1256 e.
1462 1217 1512 1255 ut
1543 1225 1695 1254 revera
1726 1215 1770 1253 et

188 1291 309 1342 ipsae
339 1302 443 1332 suas
474 1293 556 1332 sibi
587 1294 734 1342 partes
765 1294 910 1342 agant.
944 1293 1038 1332 Hoc
1069 1293 1194 1332 docet
1226 1294 1270 1332 et
1301 1293 1497 1332 scholion
1529 1292 1582 1331 ad

249 1367 303 1419 II,
339 1368 378 1419 2,
413 1369 484 1408 35.

370 1443 501 1494 Quasi
526 1455 704 1485 necesse
731 1446 790 1484 sit
816 1446 854 1484 si
881 1445 982 1484 huic
1008 1456 1094 1484 non
1121 1445 1196 1484 dat
1216 1446 1260 1484 te
1276 1445 1398 1484 illam
1415 1455 1598 1485 uxorem
1616 1445 1770 1484 ducere

366 1520 461 1560 Nisi
491 1521 626 1571 vides,
660 1521 746 1560 nisi
778 1522 896 1561 senis
927 1521 1092 1561 amicos
1125 1532 1235 1571 oras,
1269 1521 1423 1561 ambis.
1832 1506 1836 1509 ⁴

247 1595 330 1636 His
355 1597 500 1637 verbis
527 1578 763 1637 Charinum
789 1598 904 1637 iusto
932 1598 1059 1637 citius
1086 1598 1350 1647 gaudentem
1377 1599 1596 1648 vituperat
1622 1598 1770 1637 Davus

190 1671 335 1719 (huic
364 1683 472 1712 non
503 1673 596 1712 dat
627 1673 654 1713 i.
674 1684 709 1713 e.
743 1674 969 1723 Pamphilo
1001 1684 1087 1713 non
1118 1674 1193 1713 dat
1223 1673 1360 1713 filiam
1393 1674 1627 1721 Chremes).

249 1748 516 1789 Annotatur:
561 1737 657 1799 „hic
686 1750 855 1789 laborat
885 1749 1033 1789 Davus
1065 1750 1433 1798 quemadmodum
1464 1750 1771 1790 Philumenam

190 1822 404 1864 Charinus
434 1825 618 1874 propriis
649 1826 867 1865 laboribus
897 1827 1196 1875 promereatur
1226 1827 1454 1866 uxorem.’'

250 1901 322 1952 IV,
374 1902 411 1951 1,
464 1902 530 1942 18.
582 1902 712 1952 „Mire
760 1903 803 1942 et
844 1901 1076 1942 artificiose
1115 1903 1219 1942 fecit
1260 1903 1540 1952 Pamphilum
1581 1904 1770 1954 priorem

190 1977 350 2027 alloqui
391 1978 444 2018 ad
474 1978 823 2028 perfringendam
854 1979 1123 2018 iracundiam
1151 1978 1347 2018 Charini:
1382 1979 1552 2030 alioqui,
1587 1980 1625 2019 si
1656 1980 1772 2030 prior

189 2054 418 2094 vociferari
468 2055 694 2105 potuisset,
742 2035 908 2104 tragica
950 2055 1268 2095 exclamatione
1309 2066 1418 2096 usus
1460 2057 1619 2096 esset.’'
1663 2057 1770 2096 Vide

190 2131 321 2171 huius
351 2130 450 2170 libri
480 2141 520 2180 p.
555 2131 624 2170 89.

253 2283 335 2323 Sed
366 2282 552 2323 fortasse
582 2284 754 2334 ineptus
786 2295 877 2335 ego,
911 2285 985 2334 qui
1015 2285 1086 2325 hic
1117 2286 1204 2325 illic
1237 2286 1349 2335 apud
1375 2284 1627 2326 Terentium
1653 2286 1771 2326 locos

193 2359 395 2408 colligam
421 2359 475 2398 ad
502 2359 889 2400 demonstrandum
915 2371 1002 2400 non
1029 2362 1158 2401 anxie
1184 2362 1397 2411 pressisse
1425 2373 1525 2401 eum
1543 2363 1770 2402 auctorum

192 2445 372 2475 suorum
397 2435 596 2486 vestigia,
624 2447 710 2476 non
736 2437 780 2476 in
806 2437 939 2476 verba
965 2437 1277 2487 magistrorum
1304 2439 1566 2478 Graecorum
1588 2439 1768 2489 iurasse,

193 2521 294 2552 cum
323 2512 443 2551 totus
468 2513 597 2561 poeta
622 2513 761 2552 multo
787 2513 946 2553 melius
972 2513 1089 2553 idem
1115 2515 1267 2554 docere
1293 2515 1444 2564 possit.
1472 2515 1534 2555 Ut
1559 2525 1770 2565 magnum

193 2588 354 2638 aliquid
385 2588 535 2638 paucis
567 2589 708 2629 dicam
734 2590 901 2630 verbis:
930 2590 1007 2630 vix
1033 2591 1148 2630 ullus
1176 2593 1243 2631 est
1270 2592 1460 2631 Terentii
1485 2602 1640 2631 versus
1667 2592 1771 2642 quin

194 2665 344 2714 aptum
372 2664 482 2704 mihi
508 2665 795 2715 idoneumque
821 2667 1026 2716 praebeat
1052 2669 1373 2717 argumentum.
1403 2668 1626 2708 Innumeri
1653 2669 1769 2708 enim

194 2741 298 2780 sunt
315 2741 436 2790 apud
462 2751 563 2781 eum
584 2742 763 2793 lepores,
782 2743 1012 2783 innumera
1028 2744 1236 2783 orationis
1254 2746 1522 2795 ornamenta,
1542 2745 1771 2784 innumera
1835 2761 1837 2764 >

195 2817 350 2866 quibus
375 2817 604 2857 hominum
629 2828 774 2858 mores
800 2819 1067 2868 affectusque
1094 2820 1381 2869 depingantur
1407 2819 1590 2860 artificia
1602 2832 1611 2869 ;
1641 2822 1770 2873 atque

195 2884 303 2932 nihil
344 2893 415 2932 hic
455 2892 571 2932 inest
611 2894 802 2945 scurrile,
846 2896 922 2934 sed
964 2895 1111 2935 omnia
1151 2897 1254 2935 sunt
1295 2906 1427 2944 quam
1464 2896 1768 2936 urbanissima.

197 2968 315 3019 Quod
362 2969 479 3008 enim
527 2971 594 3008 est
639 2979 767 3010 verae
812 2971 1073 3011 urbanitatis
1120 2972 1442 3022 documentum,
1491 2972 1572 3011 hoc
1618 2982 1771 3011 omnes
