2002 3464
956 356 1011 395 63

200 493 274 533 „se
313 482 504 533 primum
545 482 812 531 interposuit,
857 483 906 520 ut
947 480 1292 520 adolescentulus
1324 481 1475 530 potuit,
1510 480 1598 520 iam
1629 481 1765 521 fracto

195 558 379 598 milite.”

255 635 552 687 convitiorum
583 634 756 673 illorum
788 644 924 672 unum
957 635 1024 672 est
1056 636 1133 679 (vs.
1170 633 1292 679 798):
1330 633 1589 683 „Furcifen”
1624 634 1766 673 Perite

196 714 344 752 autem
371 711 551 751 annotat
578 709 841 748 Scholiasta:
875 708 1145 759 „incongrue
1172 710 1224 747 ut
1250 709 1478 758 imperitus
1501 710 1763 760 adolescens,

194 788 378 828 liberum
418 786 647 826 servilibus
689 785 889 825 convitiis
922 784 1158 834 exagitat.’'
1193 784 1253 824 Cf.
1288 786 1341 824 ad
1374 786 1471 836 862,
1505 786 1579 825 ubi
1611 786 1767 826 ancilla

195 874 246 904 eo
276 863 452 904 nomine
483 862 632 902 utitur.

252 940 428 980 Placare
453 938 600 978 studet
625 937 944 977 adolescentem
971 937 1113 976 subito
1136 937 1383 977 animosum
1400 939 1565 978 factum
1582 939 1764 989 Gnatho,

194 1016 298 1066 quin
322 1016 456 1056 etiam
482 1014 676 1054 medium
703 1024 750 1054 se
777 1014 1022 1063 interponit,
1043 1014 1153 1062 quod
1171 1016 1349 1063 apparet
1365 1026 1420 1054 ex
1436 1016 1592 1066 verbis,
1613 1016 1766 1065 quibus

194 1084 295 1132 eum
337 1091 568 1140 alloquitur
609 1090 816 1131 Chremes
858 1101 921 1129 vs.
958 1091 1067 1130 799:
1104 1090 1224 1139 „Non
1255 1092 1303 1129 tu
1335 1091 1435 1130 hinc
1467 1092 1559 1130 abis
1571 1093 1620 1131 ?'’
1654 1092 1765 1131 Tum

193 1167 336 1208 subito
367 1167 440 1207 ille
472 1168 526 1207 ad
556 1167 745 1207 militem
777 1177 1011 1207 conversus
1044 1169 1122 1212 (vs,
1157 1167 1242 1206 800
1275 1170 1377 1215 sq.):

315 1243 415 1284 Scin
440 1245 488 1284 tu
514 1245 564 1284 ut
589 1244 668 1284 tibi
695 1254 764 1284 res
791 1254 838 1283 se
865 1244 1055 1283 habeat?
1082 1243 1120 1282 si
1137 1243 1367 1292 quicquam
1384 1244 1510 1284 hodie
1527 1245 1597 1284 hic
1614 1245 1765 1284 turbae

1486 1322 1704 1371 [coeperis,

311 1397 488 1437 Faciam
510 1398 568 1437 ,ut
598 1397 727 1436 huius
758 1397 841 1436 loci
873 1396 1040 1445 dieique
1072 1396 1244 1445 meique
1276 1407 1448 1446 semper
1473 1398 1740 1438 memineris.

252 1473 335 1514 Hic
366 1473 559 1523 Gnatho:

219 1548 223 1553 ’
312 1550 486 1590 Miseret
525 1549 591 1589 tui
631 1560 715 1599 me,
750 1549 822 1599 qui
854 1550 968 1589 hunc
998 1550 1172 1588 tantum
1204 1549 1427 1589 hominem
1460 1551 1595 1590 facias
1627 1551 1765 1590 inimi-

508 1663 512 1666 .
1467 1629 1582 1673 [cum
1613 1627 1704 1667 tibi.

192 1702 324 1743 Vides
365 1713 497 1752 quam
538 1703 737 1751 paratam
778 1702 938 1740 habeat
980 1701 1149 1740 Gnatho
1192 1701 1447 1741 simulatam
1490 1703 1610 1742 illam
1654 1714 1764 1742 com-

192 1779 520 1819 miserationem
571 1778 799 1817 hominum
846 1778 918 1826 qui
965 1787 1043 1816 suo
1091 1777 1196 1834 Regi
1244 1778 1539 1818 adversentur.
1590 1778 1664 1825 (Cf.
1713 1780 1765 1818 ad

193 1865 259 1895 vs.
292 1855 407 1902 418).
1313 1858 1317 1861 '

254 1930 500 1980 Sequuntur
530 1931 638 1970 haec
671 1931 809 1977 (803):

311 2007 563 2047 Diminuam
599 2018 677 2057 ego
703 2007 782 2047 tibi
811 2009 939 2056 caput
965 2007 1090 2046 hodie
1117 2007 1201 2046 nisi
1229 2007 1334 2047 abis.
1363 2008 1447 2047 Ain
1475 2019 1589 2058 vero,
1615 2010 1766 2049 canis?

313 2085 454 2124 Sicine
486 2085 611 2134 agis?

194 2159 276 2201 Hic
316 2161 448 2201 verba
488 2160 808 2200 Diminuam
853 2183 904 2188 —
949 2160 1071 2199 abis
1114 2161 1217 2209 quin
1254 2161 1475 2201 Chremeti
1507 2163 1647 2202 danda
1678 2164 1767 2202 sint

193 2246 279 2276 non
324 2237 393 2276 est
437 2236 628 2276 dubium.
670 2236 732 2276 De
775 2236 929 2276 ceteris
971 2237 1210 2277 videamus.
1255 2238 1433 2287 Semper
1475 2237 1524 2277 fit
1566 2238 1767 2278 audacior

194 2312 400 2353 Chremes
441 2315 485 2353 et
524 2313 719 2353 blandior
759 2312 989 2362 parasitus.
1034 2313 1128 2352 Non
1170 2324 1269 2363 ergo
1312 2325 1337 2353 a
1378 2315 1568 2363 parasito
1601 2315 1766 2354 dictum

195 2389 342 2430 credo:
369 2389 474 2429 Ain
503 2400 657 2440 vero,
687 2390 878 2429 canis?
905 2400 1043 2438 neque
1072 2390 1251 2429 credidit
1279 2390 1533 2440 Scholiasta,
1562 2391 1635 2440 qui
1661 2391 1766 2431 illud

195 2465 353 2506 canis
399 2466 637 2506 convitium
683 2466 872 2505 militare
920 2466 1035 2506 dicit.
1082 2467 1163 2506 Sed
1205 2467 1387 2515 sicin—e
1430 2467 1553 2516 agis
1596 2468 1765 2516 egregie

193 2542 435 2592 parasitum
481 2542 625 2581 decet:
673 2543 741 2581 est
788 2542 904 2581 enim
950 2542 1106 2582 leniter
1147 2543 1410 2592 increpantis
1453 2544 1496 2582 et
1538 2543 1765 2583 conciliare

194 2617 423 2658 studentis.
466 2617 560 2657 Non
602 2619 669 2657 est
709 2618 971 2658 luculentius
1014 2619 1266 2668 exemplum
1308 2629 1439 2667 quam
1467 2620 1578 2667 quod
1609 2630 1673 2659 vs.
1708 2620 1763 2658 99

192 2694 362 2744 legitur,
405 2693 478 2733 ubi
514 2694 668 2733 iisdem
698 2694 843 2733 verbis
874 2694 1029 2734 leniter
1060 2695 1377 2734 Parmenonem
1409 2696 1602 2744 increpat
1634 2695 1765 2734 Thais

194 2770 306 2819 quod
337 2770 491 2809 herum
523 2770 701 2819 instiget
733 2780 832 2809 cum
863 2770 1099 2820 placandus
1131 2770 1193 2809 illi
1226 2772 1355 2810 esset.
1773 2751 1776 2754 ⁵

257 2846 391 2898 „Quid
418 2847 467 2885 tu
491 2845 571 2885 tibi
595 2846 663 2885 vis
674 2846 723 2885 ‘?''
752 2857 778 2886 a
803 2847 942 2886 milite
969 2848 1146 2896 rogatus
1173 2846 1380 2886 Chremes
1397 2847 1436 2885 ei
1453 2857 1546 2885 rem
1564 2846 1762 2895 exponit:

193 2922 375 2962 liberam
407 2932 503 2961 esse
529 2922 650 2961 illam
676 2922 889 2971 virginem
916 2933 1046 2971 quam
1074 2923 1201 2961 miles
1227 2924 1359 2973 petat,
1389 2923 1542 2973 civem,
1571 2933 1763 2962 sororem
