2002 3464
1006 411 1060 449 70

252 537 367 574 mete
399 535 470 573 ubi
502 534 666 573 audivit
696 534 947 572 memoriter
977 534 1188 573 nutricem
1221 536 1471 584 cognovisse
1502 536 1626 584 signa
1650 537 1808 576 sororis

252 611 340 649 iam
371 611 459 649 iam
491 609 571 648 sibi
602 609 891 648 restituendae

374 686 541 735 „Bene”
561 684 636 731 (ait
652 694 716 723 vs.
736 685 834 730 916)
858 685 1029 734 „edepol
1046 695 1207 736 narras,
1226 696 1328 725 nam
1345 686 1407 725 illi
1424 686 1546 725 faveo
1563 686 1762 735 virgini.”

251 762 312 800 Ne
344 761 449 800 illud
481 770 602 799 nam
634 760 725 798 illi
756 760 918 799 faveo
950 760 1163 809 virgini
1194 761 1395 810 languere
1431 763 1569 811 putes,
1599 772 1624 800 a
1651 763 1806 803 Scholi-

252 838 348 876 asta
379 837 493 875 disce
524 836 787 884 singularem
818 836 1033 884 quandam
1065 847 1159 876 esse
1191 837 1361 876 illorum
1393 839 1620 877 verborum
1646 839 1806 879 festivi-

251 914 400 962 tatem,
459 922 651 960 quaeque
699 922 749 950 ea
794 912 864 950 sit.
916 911 1072 961 „Quasi
1118 912 1247 951 dicit'’
1295 913 1356 956 ait
1406 913 1492 962 „illi
1538 914 1673 964 faveo,
1722 925 1808 954 non

253 987 517 1026 Chaereae”:
547 986 760 1026 Chaereae
787 987 903 1026 enim
919 997 1170 1026 succensere
1186 988 1364 1036 Pythias
1380 989 1530 1037 pergit:
1549 989 1599 1028 In
1614 991 1808 1029 mentem

251 1063 320 1102 hic
351 1063 473 1101 nobis
505 1063 624 1101 venit
648 1062 939 1111 lepidissimae
967 1063 1186 1112 scriptoris
1213 1064 1419 1102 nostratis
1445 1064 1715 1115 narrationis,
1734 1065 1807 1104 ubi

251 1140 450 1177 matrona
475 1138 600 1187 paulo
628 1137 856 1177 acerbioris
883 1138 1054 1188 ingenii,
1081 1140 1309 1187 postquam
1337 1140 1653 1179 adolescentem
1679 1151 1805 1189 quen-

251 1215 349 1252 dam
407 1224 429 1252 e
475 1215 602 1262 poeta
647 1213 806 1261 aliquid
851 1213 1106 1252 recitantem
1153 1214 1328 1264 audivit,
1377 1214 1591 1254 inducitur
1636 1216 1804 1256 dicens:

254 1288 574 1338 „pulcherrima
608 1290 675 1328 est
716 1289 893 1338 elegia,'’
927 1290 1054 1336 atque
1086 1289 1189 1327 illud
1221 1289 1405 1338 elegia
1435 1291 1496 1331 ita
1526 1292 1806 1339 pronuntians

251 1366 298 1404 ut
345 1365 482 1404 dicere
528 1364 746 1404 videatur:
794 1364 929 1413 „quod
971 1364 1023 1403 ad
1063 1364 1360 1404 recitationem
1401 1366 1597 1416 pertinet,
1641 1366 1692 1406 de
1733 1366 1807 1407 illa

249 1442 390 1479 tacere
422 1440 560 1479 satius
592 1440 701 1479 est.”
723 1435 764 1485 1).

310 1516 566 1555 Intromittit
592 1515 864 1554 Chremetem
892 1525 990 1553 cum
1016 1514 1181 1554 nutrice
1207 1515 1398 1565 Pythias,
1426 1516 1612 1565 dumque
1632 1518 1806 1567 respicit

250 1593 343 1642 ipsa
373 1592 686 1631 Parmenonem
718 1591 917 1630 accedere
948 1590 1077 1630 videt.

485 1667 638 1705 Virum
668 1667 828 1705 bonum
861 1676 1009 1705 eccum
1040 1666 1353 1706 Parmenonem
1386 1667 1579 1707 incedere

483 1743 614 1781 Video

249 1820 309 1859 ait
350 1820 424 1858 illa
465 1822 542 1864 (vs.
586 1818 670 1857 918
713 1821 815 1866 sq.);
858 1818 1117 1866 praecedunt
1157 1818 1249 1857 eius
1286 1818 1338 1857 ad
1370 1817 1643 1858 Chremetem
1673 1819 1803 1859 nutri-

247 1906 424 1944 cemque
456 1894 586 1934 verba
616 1895 743 1933 haec:

454 1971 518 2009 Ite
550 1971 685 2008 intro:
718 1969 806 2008 iam
839 1969 999 2008 dudum
1032 1979 1104 2008 era
1133 1979 1212 2008 vos
1244 1970 1468 2018 exspectat
1497 1969 1625 2010 domi.

246 2047 412 2085 Vellem
443 2056 508 2084 vs.
537 2046 621 2084 918
650 2055 674 2083 a
699 2055 804 2084 voce
831 2045 925 2083 sed
952 2044 1168 2094 inciperet,
1197 2045 1266 2084 vel
1293 2045 1375 2084 alio
1403 2045 1612 2085 eiusmodi
1633 2046 1803 2087 vinculo

245 2121 515 2171 praecedenti
542 2121 852 2159 annecteretur.
883 2119 988 2169 Quid
1011 2120 1048 2158 si
1064 2131 1139 2169 pro
1165 2120 1346 2159 virum
1363 2121 1558 2170 legamus
1579 2124 1802 2162 verum?

245 2199 355 2237 Nam
398 2198 441 2236 in
481 2197 659 2245 vulgata
699 2197 880 2235 lectione
922 2196 1055 2235 etiam
1096 2197 1323 2236 verborum
1366 2198 1466 2236 ordo
1498 2197 1694 2247 displicet
1725 2198 1799 2246 (Cf.

244 2274 366 2322 ,bone
398 2272 529 2318 virl’).

303 2347 462 2387 Deinde
494 2348 587 2396 ipsa
619 2346 798 2396 Pythias
831 2347 1007 2386 domum
1039 2346 1183 2397 intrat,
1216 2358 1321 2386 mox
1348 2348 1518 2388 exitura
1543 2351 1592 2389 ut
1616 2350 1797 2400 fallacia,

244 2435 376 2473 quam
407 2424 534 2463 modo
567 2422 841 2472 excogitavit,
875 2423 1188 2462 Parmenonem
1219 2424 1465 2472 perterreat.

292 2595 302 2627 )
321 2592 412 2620 Idem
433 2591 577 2621 Terentii
596 2591 775 2621 artificium
793 2591 879 2621 redit
900 2591 978 2621 Hec.
996 2593 1059 2629 233,
1077 2591 1134 2623 ubi
1154 2599 1263 2628 seneX,
1283 2593 1378 2621 uxori
1397 2600 1477 2622 suae
1496 2593 1612 2629 iratus,
1621 2594 1799 2629 postquam

240 2644 282 2672 ab
309 2651 348 2672 ea
368 2644 523 2678 cognovit
546 2643 672 2678 aliquid
692 2644 732 2673 ad
752 2644 838 2673 iram
859 2643 1039 2673 sedandam
1059 2645 1184 2680 aptum,
1202 2651 1243 2673 ne
1261 2645 1375 2674 tamen
1395 2644 1492 2680 plane
1511 2652 1643 2674 omnem
1662 2645 1800 2675 omittat

241 2695 457 2725 acerbitatem
475 2695 526 2724 ita
544 2695 736 2730 respondet:

491 2747 634 2782 Gaudeo,
654 2747 703 2776 ita
720 2755 775 2776 me
794 2748 827 2776 di
846 2749 967 2785 ament,
986 2747 1079 2783 gnati
1099 2754 1211 2776 causa:
1230 2755 1309 2777 nam
1328 2748 1367 2777 de
1384 2749 1418 2777 te
1437 2749 1568 2783 quidem

488 2798 578 2827 satis
599 2799 668 2827 scio
688 2799 852 2833 peccando
872 2799 941 2828 fieri
962 2799 1152 2828 detrimenti
1170 2799 1217 2828 nil
1235 2800 1355 2834 potest.
