2002 3464
936 354 1019 399 205

185 489 453 530 Annotatur:
506 488 601 538 „hic
647 487 735 526 iam
783 487 1025 525 ostenditur
1065 496 1323 535 persuasum
1366 497 1463 525 esse
1505 486 1763 535 Demiphoni

184 565 278 605 vim
324 565 564 605 adhibitam
610 562 698 602 filio
745 573 823 602 suo
870 573 1053 602 uxorem
1099 563 1276 601 ducere:
1325 573 1422 612 uno,
1473 572 1608 610 quum
1650 562 1764 601 hunc

185 641 453 682 audacem
486 640 696 690 appellat:
726 639 861 678 altero
888 639 1000 687 quod
1027 639 1132 678 dicit
1158 638 1345 686 etiam.
1376 638 1491 687 Quae
1519 638 1763 677 coniunctio

185 718 230 757 et
259 717 555 766 Antiphonem
587 715 889 764 complectitur
917 716 960 754 et
987 714 1050 754 sic
1077 715 1374 754 accusatum.''
1393 714 1475 754 Pro
1502 714 1585 753 sic
1614 724 1762 753 accu-

184 795 372 834 satum
402 793 497 843 lege
529 803 586 831 se
614 793 959 831 accusatum.
988 791 1161 831 Etenim
1187 791 1396 830 vocabulo
1426 791 1600 830 etiam
1628 801 1781 830 senex.

184 871 266 911 hoc
306 868 548 920 significat:
597 879 709 918 „non
751 868 894 907 solum
936 867 1041 907 olim
1077 866 1218 906 filium
1251 877 1401 906 meum
1434 867 1657 907 accusavit
1689 867 1764 906 sed

184 956 300 986 nunc
329 956 402 985 me
434 945 644 994 quoque.’'
1090 987 1097 993 ,

248 1023 302 1062 14
333 1032 397 1071 sq.
490 1021 565 1061 Ph.
598 1021 711 1060 Nam
743 1021 830 1060 iam
864 1021 1127 1060 adolescenti
1159 1021 1220 1059 nil
1252 1022 1320 1059 est
1346 1021 1457 1068 quod
1484 1030 1766 1060 succenseam

604 1097 647 1136 Si
679 1097 804 1136 illum
836 1097 984 1135 minus
1016 1098 1154 1136 norat.

185 1175 453 1215 Annotatur:
501 1205 518 1224 „
544 1174 693 1213 ...sic
735 1173 850 1222 dicit,
895 1173 1007 1221 quod
1049 1173 1086 1211 si
1125 1173 1376 1212 adolescens
1408 1183 1494 1212 non
1526 1183 1766 1221 agnoscens

185 1251 375 1301 puellam
406 1251 581 1290 veniam
613 1259 699 1289 non
730 1249 950 1298 meruerit,
986 1250 1108 1298 pater
1140 1250 1298 1297 negata
1331 1251 1515 1298 cognata
1545 1250 1647 1289 ferri
1679 1260 1765 1289 non

185 1327 366 1377 possit.”
399 1327 450 1366 In
482 1326 625 1366 verbis
652 1325 876 1364 veniam
904 1335 1010 1364 non
1035 1325 1313 1364 meruerit
1342 1325 1436 1364 dele
1463 1336 1590 1364 non:
1620 1325 1766 1364 iuveni

161 1383 163 1385 “
185 1403 496 1453 ignoscendum
523 1403 635 1451 quod
661 1412 747 1441 non
768 1402 938 1440 noverit
956 1412 1055 1441 eam
1071 1412 1182 1450 quae
1199 1402 1469 1440 innotescere
1487 1402 1525 1440 ei
1543 1412 1630 1441 non
1645 1403 1764 1451 potu-

186 1481 290 1530 erit;
323 1490 410 1520 non
439 1480 584 1529 potest
617 1479 782 1528 ignosci
813 1479 927 1527 patri
960 1480 1191 1528 cognatam
1223 1489 1269 1517 se
1298 1479 1496 1527 ignorare
1523 1478 1764 1517 simulanti.

247 1557 316 1596 20.
351 1555 518 1605 Quem
560 1565 656 1604 ego
688 1555 935 1594 viderim
967 1555 1021 1594 in
1052 1555 1174 1594 vita
1206 1555 1496 1604 optimum]
1535 1555 1689 1605 „modo
1722 1554 1766 1592 in

186 1633 279 1672 vita
310 1642 360 1672 ac
389 1631 627 1671 moribus.”
662 1631 731 1670 Sic
758 1631 963 1670 emendo:
996 1631 1150 1680 „modo
1179 1631 1218 1677 (i.
1239 1641 1276 1670 e.
1304 1631 1386 1670 hoc
1412 1631 1517 1681 loco,
1546 1632 1595 1670 ut
1622 1633 1764 1680 saepe)

187 1709 242 1749 in
271 1709 394 1748 vita
424 1708 470 1747 in
502 1709 614 1757 actu,
650 1707 694 1746 in
726 1707 964 1747 moribus.”
998 1707 1131 1746 Paulo
1163 1709 1262 1756 post
1293 1707 1408 1747 idem
1436 1708 1619 1747 recurrit
1645 1708 1765 1747 scho-

186 1785 276 1824 lion
306 1784 525 1824 sincerum
557 1783 874 1832 integrumque.

247 1861 318 1900 31.
361 1859 726 1906 Adolescens]
771 1861 865 1909 „est
904 1860 1012 1899 haec
1053 1860 1289 1899 auctoritas
1331 1860 1376 1898 in
1407 1860 1583 1899 senibus
1614 1861 1767 1909 utqui

186 1935 369 1976 minoris
401 1935 559 1975 aetatis
590 1935 752 1975 fuerint
782 1936 880 1975 illos
913 1936 1200 1985 appellatione
1231 1937 1353 1985 pueri
1380 1937 1450 1975 vel
1478 1937 1766 1977 adolescentis

186 2013 258 2053 vel
298 2013 469 2052 iuvenis
511 2013 645 2052 etiam
687 2013 940 2052 ostendant:
983 2014 1033 2052 ut
1069 2013 1151 2052 hoc
1182 2013 1233 2052 de
1266 2013 1441 2052 nomine
1474 2013 1559 2052 illis
1592 2014 1767 2062 quidem

187 2088 430 2139 detrahant,
474 2088 557 2127 sibi
597 2099 699 2128 vero
741 2089 1048 2128 auctoritatem
1091 2089 1374 2128 attribuant.’'
1417 2090 1449 2128 E
1491 2090 1635 2129 verbis
1666 2090 1731 2129 ho
1745 2101 1767 2129 c

188 2164 250 2204 de
280 2165 505 2204 nomine
532 2165 676 2204 exime
709 2165 792 2204 de:
827 2166 990 2204 etenim
1022 2166 1198 2205 nomine
1231 2166 1483 2205 adolescens
1515 2176 1652 2205 senex
1684 2166 1766 2205 sibi

188 2241 495 2280 auctoritatem
527 2241 735 2292 attribuit,
770 2242 959 2281 detrahit
992 2242 1202 2288 (absolute
1235 2242 1352 2281 enim
1380 2243 1462 2282 hoc
1487 2243 1670 2284 verbum
1697 2243 1767 2282 hic

187 2317 374 2366 ponitur)
407 2318 447 2356 ei
479 2328 608 2366 quem
641 2318 886 2367 alloquitur.

249 2394 319 2433 35.
362 2393 591 2442 Egregiam
632 2394 761 2433 huius
803 2394 885 2433 loci
928 2395 1240 2434 correctionem
1282 2395 1380 2434 vide
1423 2396 1535 2445 apud
1577 2396 1765 2436 Wester-

188 2469 381 2509 hovium.
1413 2520 1418 2523 Ι

249 2547 320 2586 43.
365 2546 604 2596 Stilpho]
652 2547 886 2598 ησύλληψις,
931 2558 1035 2587 nam
1071 2548 1211 2587 reddit
1243 2549 1295 2587 ad
1327 2549 1650 2589 nominativum
1684 2552 1767 2597 [est

189 2624 339 2673 utique
386 2623 582 2674 Stilph0]‚
631 2625 680 2663 ut
726 2635 876 2664 rursus
923 2625 976 2664 ad
1023 2625 1367 2665 accusativum.'’
1411 2627 1456 2666 L.
1500 2627 1649 2666 redit
1690 2637 1766 2676 pro

189 2700 401 2739 reddit:
450 2700 502 2739 ab
550 2701 799 2740 accusativo
847 2701 1139 2740 sobrinum
1187 2702 1298 2741 redit
1344 2703 1398 2741 ad
1445 2703 1766 2742 nominativum

191 2775 429 2825 Stilpho,
459 2775 511 2815 ab
538 2775 611 2815 illo
635 2776 687 2815 ad
705 2777 1004 2816 accusativum
1028 2777 1399 2826 Stilphonem.
1418 2779 1571 2817 Verbis
1588 2779 1766 2818 inclusis

190 2852 292 2901 quid
324 2851 483 2891 faciam
515 2852 674 2891 nescio.
1746 2835 1750 2839 ’

252 2929 307 2968 76
340 2939 431 2976 sqq.
479 2927 689 2977 Demipho
721 2917 828 2967 haec
858 2929 1107 2968 Phormioni
1139 2929 1387 2969 denuntiat:
