2002 3464
1007 411 1061 449 92

253 534 327 571 vix
387 533 697 582 perspiceretur
752 534 835 572 nisi
891 535 1142 573 annotasset
1193 535 1432 575 Scholiasta
1445 548 1453 575 :
1505 567 1522 586 „
1531 548 1556 575 a
1568 538 1593 575 d
1605 538 1619 575 i
1631 548 1654 576 e
1666 548 1686 576 r
1698 547 1725 575 u
1736 548 1765 576 n
1776 539 1806 588 t,

253 609 374 656 quasi
401 609 644 657 importune
671 610 714 648 et
740 609 1104 657 interpellantes.”
1122 610 1322 659 Egregie:
1341 612 1446 650 nihil
1465 612 1579 651 enim
1596 612 1806 664 homines,
1886 603 1892 610 ’

253 684 325 732 qui
350 685 622 723 rumusculos
648 686 926 735 aucupantur,
955 685 1187 725 odiosiores
1208 687 1346 726 reddit
1362 697 1492 735 quam
1509 688 1602 736 ipsa
1618 689 1809 737 gravitas

253 769 337 807 qua
362 759 458 804 illos
489 760 708 808 perferunt
739 761 791 799 ad
823 771 896 799 eos
928 761 980 799 de
1012 761 1165 809 quibus
1197 764 1466 812 sparguntur,
1498 765 1625 811 atque
1652 774 1809 804 verane

252 834 340 873 sint
371 844 479 882 quae
512 836 753 874 audiverint
784 838 948 884 rogant.
982 837 1135 885 Magna
1161 838 1308 876 autem
1333 839 1399 876 est
1426 839 1664 877 adeundi
1693 839 1810 878 verbi

252 911 466 958 gravitas:
500 911 670 950 adimus
702 912 817 950 enirn
843 913 1074 962 praetoreS,
1103 912 1440 963 iurisconsultos,
1470 915 1634 953 ceteros
1660 915 1732 962 qui
1759 915 1810 954 de

253 986 437 1024 maximi
467 987 679 1025 momenti
710 987 837 1025 rebus
868 987 1138 1036 respondent.

312 1063 443 1101 Andr.
487 1063 585 1102 923.
628 1063 783 1102 Narrat
815 1062 941 1113 Crito,
976 1058 1196 1112 Chrysidis
1227 1064 1436 1114 sobrinus,
1470 1066 1680 1113 quomodo
1713 1066 1808 1115 Gly-

254 1138 428 1187 cerium,
462 1148 595 1187 parva
626 1139 855 1177 etiamtum
882 1139 1035 1188 puella,
1066 1139 1117 1178 ad
1139 1139 1259 1178 illam
1286 1140 1344 1178 sit
1370 1140 1564 1180 adducta.
1592 1141 1650 1179 At
1677 1141 1807 1192 Simo,

253 1214 321 1252 cui
361 1214 454 1252 tota
494 1214 568 1253 illa
608 1215 796 1253 narratio
832 1214 1144 1253 molestissima
1175 1215 1253 1264 est,
1287 1215 1502 1265 quoniam,
1536 1215 1573 1254 si
1604 1226 1708 1255 vera
1737 1216 1807 1266 sit,

253 1290 398 1328 actum
440 1290 498 1328 sit
539 1290 589 1328 de
630 1289 707 1328 filii
748 1291 791 1329 et
833 1289 1074 1329 Chremetis
1109 1289 1221 1329 filiae
1252 1291 1425 1340 nuptiis,
1460 1291 1522 1330 sic
1553 1301 1652 1330 eum
1683 1292 1809 1331 inter-

252 1365 404 1414 pellat:
442 1365 658 1414 „fabulam
688 1366 919 1414 inceptat”.
952 1365 1197 1404 Ridiculum
1228 1366 1297 1405 hic
1322 1367 1366 1405 et
1390 1366 1579 1405 facetum
1597 1377 1652 1405 ex
1668 1367 1810 1406 dolore

252 1439 344 1479 fieri
385 1451 534 1479 senem
575 1451 797 1481 morosum
839 1442 962 1480 docet
997 1451 1075 1480 nos
1108 1441 1359 1480 Scholiasta.
1389 1442 1458 1480 Sic
1489 1442 1605 1480 enim
1635 1452 1810 1482 narrare

253 1512 450 1564 coeperat
480 1515 617 1555 Crito:

370 1591 543 1631 Atticus
574 1592 749 1640 quidam
781 1592 884 1631 olim
916 1592 1016 1630 navi
1047 1591 1184 1630 fracta
1215 1592 1267 1630 ad
1298 1592 1493 1631 Andrum
1525 1592 1687 1631 eiectus
1713 1594 1781 1631 est

370 1666 423 1705 Et
453 1667 589 1706 istaec
619 1677 706 1705 una
735 1677 869 1716 parva
899 1667 1032 1715 virgo.

252 1742 393 1789 Atque
434 1741 537 1780 illud
579 1743 804 1781 exordium
839 1743 1007 1791 spectat
1039 1743 1226 1781 Simonis
1257 1742 1555 1792 interpellatio,
1589 1743 1664 1782 sed
1694 1753 1810 1792 prae-

252 1818 403 1856 sertim
436 1828 572 1857 unum
604 1818 697 1857 eius
728 1818 985 1858 vocabulum
1012 1818 1158 1857 olim.
1186 1819 1379 1858 Annotat
1405 1819 1521 1857 enim
1548 1818 1809 1858 Scholiasta:

256 1894 334 1943 „ad
357 1894 600 1933 irrisionem
618 1894 876 1933 narrationis
894 1894 1007 1933 dicit.
1026 1894 1197 1933 Etenim
1215 1880 1347 1933 olim
1363 1893 1532 1932 fabulae
1548 1894 1810 1943 proprium.”

310 1970 430 2009 Adel.
466 1970 564 2008 930.
599 1970 722 2008 Micio
755 1970 945 2008 clemens
971 1969 1042 2008 ille
1070 1970 1113 2008 et
1138 1969 1259 2008 mitis
1286 1979 1421 2008 senex
1447 1969 1625 2008 iamiam
1651 1969 1811 2008 nimiae

252 2045 444 2084 lenitatis
490 2055 648 2094 poenas
695 2045 813 2084 dabit
858 2045 981 2084 fratri
1022 2044 1239 2084 severiori.
1283 2043 1484 2083 Precibus
1525 2043 1642 2083 enim
1683 2045 1812 2092 atque

251 2120 408 2159 blanda
434 2120 624 2159 oratione
653 2120 704 2158 ab
732 2120 803 2158 illo
829 2120 1149 2168 permovebitur
1173 2120 1222 2158 ut
1248 2129 1380 2157 anum
1407 2119 1535 2158 ducat
1550 2118 1811 2167 decrepitam

253 2206 352 2235 cum
393 2195 484 2244 ipse
526 2205 687 2234 annum
724 2196 824 2243 agat
855 2194 1179 2243 sexagesimum
1210 2195 1398 2232 sextum.
1431 2194 1508 2232 Ille
1540 2195 1687 2232 autem
1718 2204 1811 2233 rem

253 2271 597 2319 inexspectatam
624 2271 686 2310 sic
712 2270 861 2319 incipit
889 2270 1212 2309 commendare:
1244 2269 1511 2318 „Aeschinus
1541 2268 1655 2307 filius
1671 2279 1808 2319 meus,

253 2358 381 2395 quem
422 2348 470 2386 tu
512 2347 737 2396 adoptasti,
782 2357 964 2385 uxorem
1005 2347 1132 2385 ducet
1171 2345 1303 2394 illam,
1347 2355 1477 2392 quam
1518 2344 1622 2383 olim
1662 2344 1812 2383 habuit

254 2423 453 2462 amicam.
486 2422 622 2462 Probo
656 2423 771 2461 istud
804 2422 1031 2461 consilium
1062 2422 1284 2470 laudoque,
1319 2421 1362 2459 et
1393 2421 1515 2460 iubeo

461 2499 597 2548 Quam
629 2508 837 2536 maxume
867 2508 999 2536 unam
1030 2497 1170 2536 facere
1201 2506 1280 2535 nos
1311 2496 1421 2535 hanc
1451 2495 1675 2545 familiam,

460 2574 618 2623 Colere,
649 2574 863 2622 adiuvare,
899 2572 1170 2621 adiungere.''

253 2650 335 2688 Hic
376 2650 414 2688 ei
456 2660 581 2698 opem
621 2649 705 2688 fert
746 2649 987 2687 Aeschinus
1030 2649 1120 2697 ipse
1161 2649 1204 2686 et
1249 2647 1336 2696 „ita
1366 2657 1524 2695 quaeso
1554 2647 1703 2695 pater’'
1736 2646 1808 2685 ait.

254 2725 498 2774 Respondet
529 2724 673 2763 Micio:
711 2724 862 2773 „Haud
894 2724 1018 2762 aliter
1050 2723 1244 2762 censeo.”
1263 2722 1373 2760 Tum
1404 2722 1467 2761 sic
1491 2722 1624 2760 frater
1648 2721 1808 2770 pergit:

845 2800 984 2838 Immo
1016 2798 1157 2837 hercle
1188 2798 1249 2836 ita
1275 2798 1397 2836 nobis
1429 2797 1571 2836 decet:

518 2875 713 2913 Primum
744 2874 872 2913 huius
903 2874 1071 2912 uxorist
1101 2874 1253 2911 mater.

254 2950 307 2988 Et
338 2950 472 2999 Micio,
507 2949 606 2997 quid
638 2949 720 2987 sibi
752 2949 866 2987 istud
902 2948 1007 2988 velit
1044 2948 1302 2987 admiratus:
1341 2949 1445 2997 „est,
1474 2947 1574 2996 quid
1599 2947 1806 2996 postea?’'
