2002 3464
933 394 1017 432 239

182 520 251 558 est
275 520 500 570 momenti,
530 529 674 558 mores
700 518 927 558 hominum
954 518 1150 567 depinxit
1175 518 1267 567 ipse
1281 531 1289 567 ;
1320 519 1411 567 ipse
1429 519 1546 558 enim
1564 520 1757 568 proprios

181 594 350 635 invenit
380 595 658 643 adhibuitque
690 594 865 644 colores.

240 747 420 796 Iamque
449 746 600 796 „exegi
626 746 990 785 monumentum''
1019 746 1072 785 ad
1099 746 1211 795 quod
1238 746 1467 786 delendum
1485 757 1623 796 neque
1640 748 1756 787 Iovis

180 823 244 863 ira
275 833 383 873 opus
413 822 495 862 erit
525 832 663 870 neque
696 822 815 861 edaci
848 823 1067 862 vetustate
1100 823 1174 861 sed
1208 823 1302 871 ipsa
1332 823 1545 863 lectorum
1573 824 1758 864 sufficiet

178 899 491 940 benevolentia.
535 898 759 947 Exponere
801 898 918 938 enim
961 900 1141 938 conatus
1174 909 1273 938 sum
1306 901 1519 948 quantum
1550 911 1680 940 verae
1712 901 1757 940 in

178 976 356 1017 scholiis
396 976 449 1016 ad
486 975 737 1015 Terentium
768 975 924 1014 lateret
957 975 1198 1024 doctrinae;
1237 986 1312 1024 per
1348 976 1470 1015 illam
1501 977 1654 1017 deinde
1686 978 1755 1017 sil-

177 1062 282 1093 vam
311 1052 503 1102 primum
534 1052 583 1091 ut
615 1052 871 1100 apparerent
901 1051 999 1090 viae
1031 1051 1241 1099 quaedam
1276 1052 1556 1103 semitaeque,
1585 1055 1680 1092 tum
1708 1056 1758 1093 ut

177 1139 332 1178 vepres
363 1129 461 1167 inde
493 1129 724 1176 sentesque
756 1128 1084 1166 removerentur
1115 1138 1215 1167 sum
1247 1128 1407 1178 enisus,
1441 1130 1662 1177 postremo
1693 1131 1757 1170 sic

178 1217 228 1246 eo
264 1205 480 1255 perveniri
510 1215 638 1254 posse
668 1206 716 1243 ut
749 1204 893 1253 ipsum
925 1204 1176 1243 Terentium
1207 1205 1365 1244 melius
1398 1216 1756 1254 cognosceremus

177 1281 487 1321 demonstravi.
532 1280 576 1319 Si
617 1280 691 1329 qui
723 1290 823 1329 ergo
858 1302 910 1307 —
945 1281 989 1319 et
1020 1280 1109 1319 sint
1139 1280 1185 1319 hi
1217 1291 1348 1329 quam
1378 1281 1555 1330 plurimi
1588 1305 1642 1311 -
1675 1284 1756 1323 hoc

176 1357 365 1407 perlecto
406 1357 514 1396 libro
555 1355 807 1395 Terentium
849 1355 984 1404 pluris
1026 1366 1158 1403 quam
1190 1358 1319 1395 antea
1350 1357 1491 1397 facere
1523 1360 1752 1410 coeperint,

176 1433 216 1473 si
246 1433 292 1473 in
323 1443 373 1473 eo
399 1432 579 1482 legendo
608 1441 781 1480 semper
807 1431 981 1470 assidue
1009 1431 1252 1471 Scholiasta
1277 1433 1346 1472 usi
1373 1435 1500 1473 erunt
1525 1435 1752 1486 monitore,

174 1510 272 1548 tum
313 1509 352 1548 si
391 1487 475 1548 'viri
515 1507 678 1557 ingenii
719 1507 918 1546 acumine
949 1507 1162 1556 pollentes
1195 1519 1220 1547 a
1251 1519 1323 1548 me
1354 1509 1525 1549 incitari
1557 1521 1604 1550 se
1635 1512 1755 1560 passi

176 1586 304 1625 erunt
327 1586 378 1624 ut
403 1584 580 1624 scholiis
608 1583 890 1622 emendandis
918 1584 1021 1623 dent
1047 1595 1246 1633 operam;
1274 1587 1495 1634 postremo
1522 1587 1560 1626 si
1576 1588 1754 1627 tandem

175 1661 405 1710 aliquando
445 1660 527 1699 hoc
568 1659 631 1698 illi
663 1660 790 1698 erunt
821 1660 1011 1699 assecuti
1042 1661 1091 1699 ut
1123 1661 1288 1710 optima
1320 1663 1623 1702 commentarii
1654 1674 1754 1713 pars

176 1737 379 1778 omnibus
413 1736 597 1791 purgata
627 1735 826 1774 sordibus
857 1735 902 1774 in
933 1735 1075 1774 lucem
1107 1737 1297 1787 prodeat,
1330 1738 1443 1777 meis
1474 1739 1563 1778 iam
1595 1739 1647 1778 de
1679 1740 1752 1779 Te-

176 1813 315 1854 rentio
342 1814 386 1852 et
410 1812 579 1851 Donato
603 1811 972 1851 lucubrationibus
998 1812 1124 1851 facile
1151 1823 1296 1853 carere
1319 1816 1522 1863 poterunt
1538 1815 1750 1856 homines.

246 1931 348 1967 Lugd.
366 1931 441 1961 Bat.
459 1930 535 1960 Kal.
553 1930 641 1966 sept.
659 1930 700 1960 A.
718 1938 970 1960 unccctxxxxv.
