2002 3464
920 375 976 414 25

161 502 318 542 viderit
343 501 720 542 formosissimam.
750 501 906 540 Secum
933 499 1124 540 Chaerea
1149 500 1351 550 loquitur,
1371 510 1456 539 non
1472 501 1622 538 tamen
1639 499 1732 538 eius

160 579 293 619 verba
323 579 639 618 Parmenonem
670 578 885 626 fugerunt,
921 577 1066 625 itaque

642 654 793 703 „ecce”
829 652 905 699 (ait
936 663 999 691 vs.
1036 653 1134 699 297)
1172 653 1346 702 „autern
1378 652 1565 691 alterum

263 730 417 771 Nescio
449 730 550 779 quid
581 730 633 769 de
665 740 812 769 amore
844 729 1054 778 loquitur:
1090 739 1113 767 o
1149 729 1465 768 infortunatum
1496 729 1690 767 senem.'’

160 808 444 859 Lepidissime
484 808 555 847 hic
595 808 701 847 illud
743 817 870 846 ecce
912 808 1098 845 autem
1141 806 1345 855 positum.
1384 806 1452 845 Ita
1482 805 1612 844 malis
1643 806 1732 844 iam

159 866 362 924 assuetus
388 883 556 934 aliquiS,
585 894 697 923 novo
720 883 836 922 malo
854 883 1234 932 appropinquante,
1254 883 1443 931 loquitur
1459 882 1570 921 iram
1589 882 1733 921 celans

158 959 303 1013 verbis
334 960 529 1008 quietum
561 960 758 998 animum
795 958 1115 998 simulantibus
1150 957 1210 997 Cf.
1245 958 1417 997 Phorm.
1459 958 1567 997 264:
1610 968 1733 1007 „ecce

156 1030 309 1076 autem
349 1035 512 1074 similia
552 1035 741 1074 omnia.”
784 1035 930 1083 Neque
973 1035 1184 1073 dissimile
1227 1036 1294 1073 est
1332 1034 1442 1082 quod
1474 1032 1601 1082 paulo
1634 1036 1734 1073 ante

158 1112 204 1152 in
235 1111 387 1151 eadem
418 1111 678 1150 Phormione
709 1110 855 1150 fabula
885 1110 1066 1159 legitur:
1104 1110 1206 1159 „vix
1242 1110 1463 1149 tandem.'’

219 1187 289 1228 Sic
319 1188 372 1227 de
402 1187 635 1227 infortunio
668 1197 746 1226 suo
779 1187 900 1235 queri
931 1186 1072 1235 pergit
1104 1186 1294 1225 Chaerea
1327 1188 1404 1232 (vs.
1440 1187 1564 1232 302):

338 1264 399 1304 Ut
435 1264 560 1304 illum
593 1264 635 1302 di
668 1264 856 1312 deaeque
889 1263 1061 1302 senium
1093 1263 1275 1311 perdant
1307 1263 1379 1311 qui
1412 1263 1537 1302 hodie
1569 1273 1641 1301 me
1673 1273 1733 1301 re-

1347 1340 1558 1386 [moratus
1591 1341 1671 1378 est.

158 1418 241 1458 Hic
281 1428 448 1467 quoque
489 1417 654 1457 hodie
697 1427 782 1456 non
819 1418 912 1456 tam
950 1417 1003 1456 ad
1034 1418 1209 1465 tempus
1242 1416 1519 1455 indicandum
1551 1416 1732 1466 additur,

159 1505 290 1544 quam
323 1494 433 1543 quod
465 1494 611 1534 animo
644 1494 754 1533 irato
786 1494 856 1532 vel
888 1493 1106 1533 obstinato
1138 1493 1308 1542 egregie
1341 1493 1554 1532 convenit.

218 1570 456 1620 Conspecto
499 1569 769 1609 Parmenone
811 1570 965 1609 statim
1006 1570 1148 1608 totam
1190 1579 1284 1608 rem
1326 1569 1365 1608 ei
1406 1579 1490 1608 uno
1528 1569 1736 1608 vocabulo

159 1656 279 1686 amo
321 1645 513 1686 Chaerea
554 1646 705 1695 aperit.
752 1645 841 1695 Quo
884 1645 1030 1684 audito
1073 1645 1143 1684 ille
1185 1645 1319 1700 Hem
1358 1645 1590 1684 exclamat.
1624 1645 1736 1684 Nam

160 1733 425 1773 quamquam
467 1722 560 1761 eius
601 1722 719 1760 modi
761 1721 921 1770 aliquid
964 1723 1295 1770 exspectaverat
1326 1721 1551 1771 Parmeno,
1586 1722 1735 1760 tamen

160 1798 306 1838 animo
346 1798 622 1848 'perturbatur
663 1798 734 1836 ubi
777 1808 824 1836 se
865 1808 970 1836 vera
1010 1798 1280 1846 suspicatum
1323 1798 1554 1846 cognoscit.
1598 1797 1735 1836 Nemo

160 1875 278 1914 enim
317 1874 407 1914 fere
449 1874 560 1923 apud
602 1873 853 1913 Terentium
895 1873 1193 1912 interiectione
1226 1873 1347 1912 hem
1379 1873 1516 1912 utitur
1548 1873 1632 1912 nisi
1664 1875 1737 1922 qui

159 1951 441 1990 vehementer
481 1950 627 1989 animo
660 1950 999 1999 commoveatur,
1034 1950 1127 1988 sive
1159 1950 1334 1999 terrore,
1364 1949 1457 1988 sive
1489 1950 1611 1988 metu
1643 1949 1736 1988 sive

159 2027 341 2077 denique
373 2027 679 2076 indignatione.
1551 2032 1555 2034 ⁷

218 2104 313 2144 Iam
339 2103 537 2144 obsecrat
563 2103 880 2142 Parmenonem
908 2102 1100 2142 Chaerea
1126 2103 1175 2141 ut
1201 2102 1282 2141 sibi
1305 2103 1349 2141 in
1365 2103 1570 2151 potiundo
1589 2113 1735 2142 amore

95 2205 98 2207 -
157 2190 237 2220 suo
278 2190 405 2230 opem
444 2180 568 2230 ferat,
611 2179 862 2228 hominique
904 2179 1036 2218 simul
1079 2179 1123 2218 in
1165 2180 1360 2218 mentem
1398 2181 1574 2219 revocat
1605 2190 1736 2228 quarn

157 2257 266 2296 bene
297 2255 402 2295 olim
434 2256 486 2295 de
518 2265 568 2294 eo
600 2256 658 2294 sit
689 2255 886 2295 meritus.

218 2332 325 2372 Ecce
357 2342 507 2372 eorum
540 2331 739 2380 colloquii
771 2333 941 2381 partem
975 2334 1053 2378 (vs.
1089 2333 1172 2371 307
1213 2334 1344 2381 sqq.):
1733 2384 1743 2389 N

549 2407 618 2448 Ch.
653 2408 788 2458 Nunc,
823 2409 1049 2458 Parmeno,
1084 2410 1127 2447 te
1160 2409 1400 2448 ostenderis
1433 2409 1506 2457 qui
1536 2409 1603 2448 vir
1635 2409 1734 2448 sies.

279 2484 371 2524 Scis
397 2485 442 2524 te
468 2485 577 2524 mihi
606 2494 736 2533 saepe
762 2485 1004 2534 pollicitum
1022 2495 1141 2523 esse:
1164 2515 1181 2534 ‚‚
1191 2484 1392 2534 Chaerea,
1413 2485 1573 2535 aliquid
1591 2485 1736 2523 inveni

279 2560 401 2600 Modo
433 2561 543 2609 quod
576 2571 721 2600 ames:
756 2561 800 2600 in
833 2571 884 2600 ea
916 2571 961 2600 re
994 2561 1230 2600 utilitatem
1263 2572 1340 2610 ego
1372 2562 1531 2601 faciam
1562 2563 1612 2600 ut
1643 2571 1734 2610 cog·
1768 2583 1771 2587 ·

1271 2640 1442 2684 [noscas
1473 2638 1674 2677 meam:”

280 2712 418 2763 Quom
445 2713 491 2753 in
517 2713 719 2753 cellulam
747 2714 800 2753 ad
827 2715 870 2753 te
897 2714 1033 2763 patris
1059 2724 1220 2763 penum
1247 2724 1423 2754 omnem
1451 2714 1736 2763 congerebam

1085 2788 1088 2791 ’
1397 2791 1672 2838 [clanculum.

279 2865 355 2906 Pa.
400 2865 506 2916 Age,
551 2866 708 2916 inepte.
756 2865 824 2907 Ch.
864 2867 958 2907 Hoc
998 2867 1140 2906 hercle
1173 2867 1396 2906 factumst.
1430 2867 1498 2906 fac
1529 2867 1590 2906 sis
1623 2877 1738 2906 nunc

1165 2944 1397 2994 [promissa
1428 2945 1675 2994 appareant.
