2002 3464
1038 364 1119 403 154

358 486 426 524 63.
459 486 534 524 Ad
565 486 845 534 virginem
878 487 1121 525 animum
1153 487 1388 533 adiecit]
1427 497 1527 536 „cur
1558 487 1638 525 hoc
1664 487 1850 526 inferat?

297 560 345 598 ut
390 561 458 599 vel
500 561 694 600 laedendi
735 561 888 600 militis
930 572 1060 601 causa
1100 562 1308 601 Phaedria
1348 562 1536 611 patiatur
1578 572 1678 600 eum
1719 572 1850 610 quam

297 636 415 674 amet
441 636 484 674 et
509 636 617 674 nolit
642 636 853 685 virginem
881 637 989 676 dono
1017 637 1159 676 dare.'’
1193 636 1398 686 Corrupta
1415 638 1518 676 haec
1536 647 1621 676 non
1636 637 1848 677 videntur.

298 710 457 748 Sensus
504 710 619 749 enim
662 712 749 750 est:
796 712 936 760 „haud
977 722 1101 760 aegre
1143 712 1251 751 feret
1281 712 1489 751 Phaedria
1520 723 1545 750 a
1576 712 1715 751 milite
1741 713 1850 752 dono

297 785 386 823 dari
422 785 635 834 virginem
666 797 797 835 quam
829 788 946 826 amet
977 789 1020 826 et
1053 790 1092 833 (a
1122 798 1168 826 se
1202 788 1417 827 dimittere
1450 790 1577 836 atque
1609 788 1718 827 dono
1750 789 1850 828 dare

297 861 382 906 alii)
424 861 573 900 nolit.'’
617 862 698 900 Sed
734 863 841 901 satis
873 863 1057 901 absurda
1088 863 1319 913 annotatio,
1354 874 1544 911 quaeque
1576 864 1693 903 nullo
1724 865 1850 903 modo

297 936 512 975 conciliari
557 938 699 985 potest
745 947 843 976 cum
884 938 1082 986 prudenti
1123 939 1175 977 ad
1215 949 1279 977 vs.
1314 939 1368 978 62
1402 939 1699 978 annotatione:
1737 939 1852 988 „Scit

295 1013 503 1051 meretrix
534 1013 613 1051 hoc
645 1013 735 1052 solo
763 1015 979 1052 amatores
1006 1014 1204 1053 inimicos
1231 1025 1337 1064 esse,
1366 1015 1476 1063 quod
1493 1015 1608 1054 idem
1625 1014 1849 1063 diligunt.’'

355 1088 423 1126 83.
457 1088 588 1126 Num
621 1089 778 1127 solus
809 1089 910 1128 ille
943 1090 1082 1128 dona
1108 1090 1255 1136 dat?]
1289 1089 1402 1139 „iam
1429 1090 1554 1139 quasi
1578 1089 1851 1138 quaestiones

295 1162 557 1201 tractantur:
606 1164 680 1203 sed
726 1164 797 1203 ille
845 1174 1004 1203 munus
1056 1165 1272 1205 advexit.”
1325 1165 1432 1204 Atra
1472 1166 1578 1204 haec
1618 1165 1742 1204 nocte
1783 1165 1850 1204 ob-

293 1238 495 1277 scuriora.
1505 1291 1507 1293 ,

355 1313 423 1352 87.
459 1313 749 1363 Quaesivi]
788 1316 910 1365 „vide
941 1317 989 1354 ut
1021 1316 1221 1355 exhibeat
1253 1326 1482 1355 aerumnas
1508 1315 1588 1355 sibi
1615 1315 1852 1354 difficilium

296 1398 526 1428 munerum
583 1390 841 1439 imposuisse
892 1391 1208 1430 meretricem.’'
1256 1392 1335 1430 Pro
1383 1391 1652 1429 exhibeat
1699 1390 1850 1429 Sabba-

296 1464 436 1502 dinius
479 1465 680 1504 coniecit:
724 1467 1003 1514 exaugeat
1044 1466 1284 1514 aiatque.
1327 1466 1411 1504 Vix
1451 1450 1690 1504 mutatione
1722 1475 1850 1513 opus:

296 1550 381 1578 non
413 1540 528 1578 enim
560 1541 804 1580 incredibile
830 1541 1000 1580 videtur
1027 1541 1330 1580 exhibendi
1356 1541 1535 1580 verbum
1563 1551 1587 1579 a
1614 1540 1853 1579 Scholiasta

295 1614 375 1653 hoc
416 1625 546 1654 sensu
582 1616 703 1664 poni:
740 1617 937 1665 „magnis
968 1616 1196 1655 verborum
1228 1616 1479 1664 ambagibus
1511 1616 1639 1663 atque
1669 1614 1852 1654 oratorie

295 1689 453 1737 aliquid
484 1691 821 1730 demonstrare.’'

355 1765 409 1803 88
443 1775 504 1812 sq.
815 1766 944 1804 Porro
975 1765 1230 1804 Eunuchum
1262 1765 1371 1803 dixti
1403 1765 1512 1804 velle
1543 1766 1598 1815 te,

650 1840 756 1889 Quia
786 1841 902 1879 solae
933 1841 1113 1879 utuntur
1144 1840 1212 1878 his
1243 1840 1426 1888 reginae.

295 1916 560 1954 Annotatur:
604 1916 733 1964 quia
773 1916 928 1955 solae
964 1916 1202 1954 utuntur
1232 1916 1320 1954 his
1351 1916 1605 1964 reginae]
1643 1914 1852 1965 „oratorie

295 1991 363 2030 hic
405 1991 590 2029 subdidit
627 1992 738 2039 quod
779 1991 822 2029 in
854 1991 1055 2030 ancillula
1085 1991 1397 2039 praetermisit:
1431 1991 1531 2038 quia
1560 1991 1679 2030 nulla
1708 1990 1851 2029 Aethi-

295 2068 438 2116 opissa
469 2068 651 2106 honesta
677 2068 758 2107 dici
784 2068 965 2117 potuit.''
994 2069 1129 2106 Sensu
1158 2079 1282 2107 cassa
1307 2069 1425 2107 haec.
1454 2069 1700 2117 Legendum
1725 2069 1850 2117 puto:

298 2143 424 2192 „quia
470 2143 588 2181 nulla
634 2143 684 2181 de
731 2143 1005 2192 Aethiopissa
1050 2143 1232 2182 honesta
1278 2144 1416 2182 dicere
1457 2143 1638 2192 potuit.’'
1682 2143 1852 2189 (nulla

295 2218 536 2257 honesta
566 2228 640 2267 pro
673 2218 902 2257 honesti
933 2219 1107 2264 nihil).

353 2368 405 2418 II,
443 2369 479 2418 1,
515 2370 552 2408 7.
588 2369 688 2408 Sed
720 2370 985 2417 numquid
1018 2369 1170 2408 aliud
1201 2369 1470 2418 imperas]
1504 2370 1579 2418 „In
1605 2369 1673 2408 his
1699 2379 1851 2409 servus

294 2443 399 2482 nihil
441 2444 536 2482 vult
577 2444 660 2482 nisi
698 2445 870 2483 coactus
901 2444 1041 2483 facere
1071 2445 1242 2493 propter
1272 2445 1482 2483 maiorem
1514 2444 1748 2484 dominum.
1783 2445 1852 2483 Sic
1927 2440 1935 2446 ‘

295 2519 338 2557 et
364 2518 464 2557 alibi
495 2519 548 2556 iu
559 2519 584 2557 b
598 2530 620 2557 e
632 2530 653 2557 s
666 2530 694 2557 n
706 2530 728 2558 e
755 2519 904 2569 inquit,
934 2520 1207 2568 responderet
1234 2519 1272 2558 ei
1300 2519 1488 2558 Chaerea
1520 2530 1542 2559 c
1553 2530 1576 2559 o
1588 2531 1616 2568 g
1628 2531 1651 2559 ο
1683 2530 1709 2558 a
1719 2521 1738 2558 t
1749 2530 1775 2568 q
1787 2531 1816 2558 u
1827 2530 1850 2558 e

294 2594 364 2632 im
375 2605 402 2642 p
415 2605 436 2633 e
448 2605 469 2632 r
480 2595 546 2633 o.”
580 2594 836 2643 Corruptum
867 2595 1010 2633 locum
1041 2594 1199 2644 opinor,
1228 2605 1364 2643 neque
1390 2595 1578 2633 multum
1604 2593 1850 2643 proficimus

292 2669 414 2708 varia
468 2669 651 2708 lectione
707 2670 1086 2718 respondente
1138 2673 1225 2718 (pro
1272 2670 1670 2720 responderet),
1719 2680 1849 2718 quam

294 2744 490 2782 Klotzius
528 2745 571 2782 et
603 2744 883 2783 Sabbadinius
910 2746 1171 2794 receperunt.
1200 2745 1446 2793 Legendum
1479 2745 1659 2784 arbitror
1684 2754 1713 2783 u
1724 2746 1743 2783 t
1768 2755 1789 2783 1·
1800 2755 1823 2783 e
1835 2766 1846 2771 -

294 2819 609 2867 sponderet.
654 2819 988 2868 Significandum
1029 2819 1144 2858 enim
1182 2821 1248 2858 est
1280 2830 1380 2867 quo
1422 2819 1664 2859 consilio
1696 2829 1847 2873 servus

294 2894 347 2932 iu
358 2894 384 2932 b
398 2904 419 2932 e
432 2904 453 2932 s
465 2905 493 2933 n
505 2905 527 2933 e
559 2894 785 2943 rogaverit.
