2002 3464
1008 387 1062 426 74

804 541 948 580 Aorus
979 542 1017 580 V
1049 543 1191 583 SGENA
1223 546 1262 584 5.

314 663 500 702 Advenit
531 674 676 714 senex,
712 676 737 704 a
767 666 1033 726 Parmenone
1065 670 1280 718 cognoscit
1313 681 1396 718 qua
1421 671 1576 710 iniuria
1602 671 1811 712 afficiatur

253 738 378 788 filius,
423 739 466 777 in
508 740 634 779 aedes
675 741 849 781 Thaidis
891 743 1101 794 irrumpit,
1144 746 1260 784 mala
1300 747 1439 785 multa
1479 747 1671 786 minatus
1712 747 1808 787 Par-

253 814 427 853 menoni
444 805 618 854 'auctori
646 817 920 858 calamitatis.
939 819 1237 859 Praemittitur
1253 832 1406 860 scenae
1423 822 1528 861 haec
1546 822 1810 862 Scholiastae

254 890 496 929 annotatio:
534 891 866 939 „Annotandum
899 895 1009 942 quod
1041 895 1168 935 huius
1194 897 1311 935 senis
1338 908 1494 936 nomen
1521 898 1631 946 apud
1659 898 1808 938 Teren-

252 965 362 1004 tium
415 977 499 1005 non
547 969 635 1006 est:
684 969 793 1016 apud
842 970 1121 1009 Menandrum
1169 972 1316 1011 Simon
1363 972 1558 1012 dicitur.'-’
1605 973 1811 1013 Nomen

252 1042 392 1089 apud
433 1042 759 1082 Terentium
802 1054 906 1083 non
943 1047 1051 1084 est:
1085 1047 1211 1096 recte,
1245 1057 1371 1086 nemo
1404 1048 1519 1087 enim
1551 1058 1700 1088 senem
1731 1060 1809 1089 suo

251 1117 424 1156 nomine
447 1118 675 1166 alloquitur
692 1121 735 1158 et
751 1120 823 1168 qui
839 1120 938 1175 huic
954 1131 1107 1160 scenae
1124 1123 1425 1171 suprascripsit
1440 1133 1598 1163 nomen
1615 1125 1646 1163 L
1660 1134 1719 1184 ac
1730 1125 1758 1163 h
1771 1136 1808 1164 e-

251 1194 359 1231 tem
387 1194 428 1231 id
455 1204 532 1233 suo
559 1195 660 1233 fecit
686 1196 906 1235 arbitratu.
935 1198 1087 1245 Apud
1114 1198 1469 1237 Menandrum
1502 1199 1619 1238 Simo
1641 1199 1807 1239 dicitur.

251 1269 288 1307 A
334 1270 449 1316 quo?
489 1270 652 1318 Nempe
694 1271 745 1309 ab
788 1272 928 1319 aliquo
969 1283 1153 1320 quocum
1195 1274 1239 1312 in
1269 1285 1397 1313 scena
1423 1276 1632 1323 versatur.
1665 1275 1809 1314 Aliam

252 1344 516 1383 Scholiastae
558 1346 901 1386 observationem
942 1348 1179 1387 videamus.
1214 1349 1337 1388 Solus
1369 1350 1543 1389 relictus
1573 1350 1807 1390 Parmeno:

254 1430 542 1468 „quamquam
583 1422 735 1460 Video”
777 1423 837 1461 ait
883 1433 978 1471 „me
1019 1434 1179 1471 poenas
1221 1425 1433 1474 daturum,
1467 1427 1615 1464 tamen
1645 1427 1808 1474 gaudeo

249 1495 359 1542 quod
391 1505 444 1534 ne
475 1497 723 1536 meretrices
755 1498 926 1545 quidem
959 1499 1133 1547 impune
1164 1500 1252 1538 sint
1283 1500 1460 1550 laturae,

367 1571 477 1609 Nam
509 1572 597 1610 iam
629 1573 700 1612 diu
733 1574 922 1622 aliquam
955 1584 1131 1613 causam
1163 1576 1394 1623 quaerebat
1424 1586 1558 1615 senex

369 1647 505 1696 Quam
539 1648 590 1686 ob
622 1659 714 1686 rem
741 1649 907 1697 insigne
935 1649 1093 1697 aliquid
1119 1650 1279 1689 faceret
1306 1651 1389 1699 eis;
1418 1661 1530 1690 nunc
1555 1653 1782 1700 repperit.''

248 1721 313 1759 Ad
340 1722 419 1760 hos
447 1732 546 1770 ergo
573 1733 726 1761 versus
755 1724 882 1768 (1000
911 1727 988 1771 sq.)
1018 1724 1258 1763 Scholiasta
1284 1726 1482 1764 annotat:
1515 1727 1808 1775 „Manifestius

248 1797 328 1835 hoc
359 1798 587 1836 Menander
623 1798 830 1847 explicat:
870 1799 957 1837 iam
993 1800 1158 1847 pridem
1184 1800 1390 1839 infestum
1416 1801 1633 1841 meretrici
1658 1812 1808 1842 senem

247 1874 344 1922 post
391 1875 638 1922 corruptum
685 1874 736 1912 ab
779 1885 829 1913 ea
875 1875 1131 1914 Phaedriam
1174 1886 1287 1915 nunc
1328 1877 1503 1915 demum
1544 1887 1591 1916 se
1632 1878 1809 1918 inventa

248 1958 378 1988 causa
407 1949 768 1989 vindicaturum.’'
801 1950 893 1989 Hae
926 1952 1225 1990 annotationes
1252 1951 1364 1990 inter
1389 1962 1436 1991 se
1462 1953 1632 1992 iunctae
1658 1953 1808 1993 docere

247 2035 325 2064 nos
356 2026 555 2064 videntur
586 2027 696 2075 apud
728 2027 1006 2065 Menandrum
1039 2028 1198 2066 diutius
1229 2028 1273 2066 in
1304 2038 1433 2067 scena
1463 2029 1627 2068 versari
1657 2039 1807 2068 senem

248 2102 291 2139 et
332 2111 430 2139 cum
471 2101 662 2150 pluribus
698 2103 813 2150 loqui
845 2113 975 2150 quam
1008 2104 1118 2152 apud
1151 2104 1412 2143 Terentium.
1444 2104 1589 2153 Neque
1620 2105 1804 2144 mirum:

248 2186 346 2214 cum
378 2177 493 2215 enim
525 2177 677 2226 scenis,
711 2178 783 2216 ubi
815 2178 977 2217 Thraso
1005 2178 1256 2226 Gnathoque
1284 2179 1507 2227 loquentes
1533 2179 1803 2230 inducuntur,

246 2251 390 2290 fabula
416 2253 543 2290 aucta
569 2254 695 2301 esset,
725 2263 778 2291 ne
805 2253 935 2291 nimis
962 2253 1089 2301 longa
1114 2252 1246 2303 fieret,
1277 2254 1359 2292 alio
1386 2254 1490 2303 loco,
1510 2254 1635 2302 idque
1652 2265 1805 2294 versus

246 2325 377 2365 finem
409 2328 639 2366 coartanda
669 2328 762 2366 fuit.
796 2329 915 2367 Idem
948 2330 991 2367 et
1022 2329 1066 2367 in
1091 2329 1253 2367 Andria
1278 2329 1441 2367 factum
1468 2339 1563 2368 esse
1589 2329 1803 2369 novimus.

305 2402 371 2440 Ad
387 2403 549 2450 primos
567 2404 713 2441 autem
730 2414 882 2442 versus
899 2414 1052 2442 scenae
1068 2405 1289 2452 primaque
1302 2404 1417 2442 senis
1429 2404 1560 2443 verba
1572 2405 1668 2450 (971
1683 2408 1803 2454 sqq.):

424 2477 488 2515 EX
519 2488 616 2516 meo
647 2479 880 2527 propinquo
912 2489 1008 2518 rure
1040 2479 1119 2518 hoc
1151 2479 1269 2527 capio
1302 2480 1537 2518 commodi:

422 2553 567 2601 Neque
603 2553 693 2601 agri
724 2564 861 2601 neque
893 2554 1010 2592 urbis
1043 2554 1188 2593 odium
1219 2565 1289 2592 me
1321 2564 1510 2602 unquam
1542 2555 1732 2604 percipit.

422 2628 505 2667 Ubi
538 2630 672 2667 satias
705 2630 843 2678 coepit
874 2629 965 2668 fieri
997 2630 1215 2668 commuto
1247 2629 1389 2668 locum

247 2704 425 2741 annotat
443 2704 681 2743 Scholiasta
699 2705 842 2750 (verba
859 2706 1005 2743 autem
1022 2705 1113 2743 eius
1130 2705 1336 2753 impedita
1352 2706 1454 2743 sunt
1466 2707 1716 2753 corruptave
1727 2706 1802 2744 sed

246 2789 399 2817 sensus
426 2780 687 2828 perspicuus)
715 2781 888 2828 pulchre
914 2781 983 2818 hic
1004 2790 1152 2818 senem
1169 2781 1261 2818 tam
1279 2780 1464 2818 otiosum
1482 2780 1623 2818 induci
1639 2781 1683 2818 et
1697 2779 1802 2818 mali

246 2855 351 2892 nihil
379 2855 682 2903 suspicantem,
713 2866 793 2903 quo
821 2855 960 2902 magis
987 2855 1130 2893 audito
1157 2855 1270 2893 malo
1298 2855 1579 2903 perturbetur.
1597 2855 1739 2904 Recte,
1759 2856 1802 2892 et

246 2929 319 2966 illa
342 2939 506 2977 quoque
523 2930 719 2978 repetitio
742 2940 800 2968 ca
811 2930 898 2978 pio
917 2960 925 2968 .
947 2960 954 2968 .
976 2960 984 2968 .
1008 2930 1251 2978 percipit
1274 2930 1498 2977 ipsumque
1516 2929 1801 2977 compositum
