2002 3464
607 906 919 981 CAPUT
972 908 1510 983 SECUNDUM.
1541 1010 1550 1016 ἢ

340 1209 456 1258 Quod
487 1210 634 1258 paucis
665 1211 965 1250 tantummodo
998 1212 1125 1259 atque
1156 1222 1251 1250 raro
1284 1212 1427 1250 evenit
1457 1212 1506 1250 ut
1536 1212 1603 1250 sui
1629 1211 1711 1260 ipsi
1736 1211 1851 1254 libri.

280 1285 515 1323 utilitatem
546 1285 790 1334 praedicare
820 1287 999 1336 possint,
1035 1287 1076 1325 id
1102 1287 1210 1324 mihi
1242 1287 1323 1326 hoc
1353 1287 1445 1326 loco
1478 1287 1699 1335 contingit.
1728 1285 1831 1325 Con-

278 1361 406 1399 tendo
439 1361 554 1399 enim
584 1360 812 1410 palamque
843 1362 1022 1411 declaro,
1057 1362 1128 1409 qui
1159 1362 1415 1410 praecedens
1448 1363 1576 1411 caput
1600 1361 1752 1410 legerit
1778 1361 1831 1400 ad

277 1436 463 1475 Terentii
509 1437 761 1476 Eunuchum
804 1437 959 1477 melius
1001 1437 1325 1485 intelligendum
1367 1437 1556 1476 multum
1586 1437 1829 1486 profecisse,

277 1523 414 1560 neque
445 1523 594 1551 vereor
624 1523 677 1550 ne
709 1513 804 1560 quis
830 1523 900 1550 me
928 1512 979 1551 ob
1006 1512 1109 1551 illud
1136 1513 1298 1551 dictum
1325 1514 1597 1561 arrogantem
1624 1522 1831 1565 parumve

279 1588 567 1627 verecundum
615 1588 810 1636 appellet.
860 1587 1068 1636 Quidquid
1115 1588 1230 1626 enim
1275 1587 1374 1626 boni
1417 1589 1483 1626 est
1514 1587 1558 1626 in
1588 1587 1660 1626 illo
1692 1587 1830 1636 capite

279 1674 426 1702 meum
471 1664 547 1701 vix
594 1663 675 1701 dici
721 1664 884 1711 potest:
928 1663 1018 1711 ipse
1059 1663 1163 1701 illud
1203 1663 1398 1701 lubenter
1439 1664 1662 1711 acceptum
1693 1662 1830 1701 refero

276 1739 662 1788 praestantissimo,
711 1749 839 1786 quem
885 1738 1014 1776 toties
1060 1738 1202 1787 citavi,
1250 1738 1342 1776 viro
1385 1738 1660 1777 Scholiastae.
1695 1737 1830 1786 Quem

278 1814 446 1853 utinam
474 1813 555 1852 alio
584 1813 795 1861 appellare
812 1813 986 1851 nomine
1002 1823 1198 1861 possem:
1218 1813 1503 1852 Scholiastam
1521 1813 1637 1852 enim
1653 1812 1829 1852 dicendo

277 1889 531 1927 maledicere
573 1889 611 1927 ei
652 1889 810 1927 videor.
843 1888 1107 1927 Eximendus
1139 1889 1206 1927 est
1237 1889 1299 1927 illi
1330 1889 1572 1936 ineptorum
1602 1889 1827 1928 hominum

274 1965 436 2015 turbae,
465 1965 537 2013 qui
562 1965 753 2003 sutilium
780 1964 1107 2003 annotationum
1123 1964 1336 2012 farragine
1352 1964 1580 2012 scriptores
1595 1965 1828 2013 poetasque

276 2040 472 2089 obruunt,
521 2042 649 2088 atque
695 2040 819 2088 longe
865 2040 1073 2088 longeque
1119 2039 1205 2077 illis
1252 2039 1596 2087 anteponendus:
1644 2039 1707 2078 illi
1751 2040 1828 2079 vix

274 2126 464 2164 unquam
496 2116 728 2164 quidquam
759 2116 935 2154 tradunt
954 2111 1076 2162 ‘quod
1107 2125 1193 2153 non
1223 2115 1363 2162 quivis
1394 2115 1520 2163 paulo
1547 2115 1711 2154 acutior
1736 2115 1826 2164 ipse

273 2192 409 2239 possit
450 2191 652 2240 invenire,
697 2191 742 2228 at
782 2190 851 2228 hic
881 2191 1054 2238 poetam
1086 2200 1213 2228 suum
1245 2199 1394 2228 revera
1424 2189 1633 2237 illustrat;
1665 2190 1715 2228 ut
1745 2190 1827 2239 ipsi

273 2267 432 2305 nostris
464 2266 598 2304 oculis
626 2266 717 2304 eius
743 2266 995 2304 venustates
1022 2265 1246 2303 videamus
1273 2264 1412 2314 efficit,
1440 2274 1577 2312 neque
1593 2264 1825 2313 quidquam

273 2342 406 2380 latere
451 2341 612 2389 patitur
658 2341 768 2388 quod
815 2341 887 2379 ille
928 2340 1134 2389 singulari
1177 2340 1459 2378 elaboraverit
1490 2338 1681 2379 artificio.
1714 2340 1826 2380 Vera

273 2427 367 2454 esse
399 2417 599 2465 pleraque
631 2416 776 2455 omnia
807 2426 915 2464 quae
947 2416 1096 2454 doceat
1127 2415 1277 2453 statim
1309 2414 1583 2462 agnoscimus
1610 2415 1824 2463 simulque

272 2491 521 2540 profitemur
566 2502 656 2541 nos,
705 2492 788 2530 nisi
828 2491 1069 2530 monuisset
1109 2491 1192 2539 ille,
1226 2490 1375 2528 eadem
1408 2491 1708 2529 observaturos
1738 2500 1823 2529 non

271 2568 417 2606 fuisse.
466 2567 530 2604 EX
570 2567 702 2605 divite
743 2566 814 2604 ille
847 2566 967 2614 copia
998 2566 1236 2604 doctrinam
1267 2565 1409 2614 tradit,
1443 2567 1571 2613 atque
1602 2565 1663 2604 ita
1693 2565 1825 2604 tradit

272 2644 320 2681 ut
360 2642 511 2680 statim
552 2641 722 2690 propria
762 2640 837 2679 fiat
879 2641 1192 2689 accipientium.
1226 2641 1427 2679 Potestne
1458 2640 1596 2679 maior
1625 2640 1823 2689 magistri

270 2718 365 2756 laus
392 2717 657 2765 excogitari?
679 2717 732 2754 Et
758 2727 906 2755 veram
934 2726 1039 2765 esse,
1068 2716 1168 2754 licet
1190 2726 1243 2754 ex
1261 2716 1607 2754 annotationibus
1624 2716 1668 2754 in
1685 2716 1822 2764 capite

270 2793 539 2842 praecedenti
571 2792 714 2830 allatis
746 2792 833 2830 iam
866 2791 1135 2839 aliquatenus
1168 2792 1381 2840 appareat,
1410 2791 1558 2829 tamen
1583 2800 1696 2829 nunc
1721 2790 1821 2829 data

271 2879 397 2917 opera
424 2851 717 2906 demonstrare
745 2866 938 2915 conabor,
968 2867 1011 2904 et
1037 2875 1144 2914 quae
1171 2865 1259 2903 sint
1284 2865 1482 2914 magistri
1508 2865 1644 2905 nostri
1665 2865 1821 2904 merita

270 2946 397 2992 atque
429 2954 451 2982 e
483 2953 565 2990 quo
596 2943 713 2980 fonte
745 2944 838 2980 orta
869 2952 998 2990 quam
1030 2940 1352 2979 accuratissime
1384 2951 1607 2990 exponere.
