2002 3464
960 402 1014 441 75

196 527 445 577 percipit
471 527 576 566 illud
602 527 720 566 senis
747 527 885 566 otium
912 529 956 567 et
981 527 1290 576 loquacitatem
1317 527 1560 577 significare
1585 528 1768 568 videtur.

196 603 359 644 Eodem
398 604 568 653 spectat
609 604 832 642 annotatio
875 604 927 643 ad
960 604 1091 643 verba
1122 604 1214 643 ubi
1256 604 1442 644 satias
1475 625 1528 631 —
1562 604 1768 644 locum:

200 678 486 728 „suffecerant
527 679 581 718 ad
622 679 734 718 hanc
775 680 1040 719 sententiam
1081 680 1164 719 duo
1206 681 1449 730 superiores
1490 691 1656 731 versus,
1696 681 1771 720 sed

195 753 369 808 ἐνέργεια
400 756 468 795 est
498 754 648 795 senilis
681 755 838 804 eloquii
870 756 999 795 faceti
1032 758 1075 795 et
1107 756 1267 805 garruli
1299 757 1475 796 simul.‘'

255 831 472 881 Conspicit
502 831 820 870 Parmenonem
852 842 987 870 senex
1020 834 1063 871 et
1095 833 1157 872 sic
1189 833 1420 882 alloquitur
1453 836 1530 879 (vs,
1565 835 1688 880 975):

403 907 539 958 Quem
571 907 848 958 praestolare,
883 908 1108 958 Parmeno,
1143 909 1213 948 hic
1244 911 1345 948 ante
1377 910 1572 949 ostium?

194 983 272 1024 Ille
302 993 406 1023 vero

313 1058 416 1110 Quis
448 1059 655 1099 homost?
687 1060 826 1111 ehem,
861 1060 1031 1100 salvom
1064 1062 1106 1100 te
1139 1062 1354 1112 advenire,
1389 1072 1472 1112 ere,
1506 1063 1684 1112 gaudeo.

192 1135 346 1176 Varias
393 1146 548 1176 causas
589 1137 788 1187 proponit
830 1137 1073 1176 Scholiasta
1114 1147 1189 1176 cur
1231 1138 1346 1176 istud
1389 1138 1515 1186 quis
1546 1138 1772 1178 homost

190 1211 319 1262 dicat,
363 1222 464 1252 cum
505 1223 657 1252 senem
693 1214 1003 1253 adventantem
1036 1214 1311 1262 conspexerit
1341 1214 1555 1263 probeque
1587 1215 1768 1254 noverit.

191 1287 351 1328 Veram
379 1299 476 1329 esse
502 1290 674 1338 opinor:
702 1290 814 1339 quod
840 1300 988 1329 moras
1015 1290 1195 1339 quaerit,
1225 1290 1307 1339 vel,
1337 1291 1450 1338 quod
1467 1291 1618 1330 eodem
1635 1291 1768 1330 redit:

193 1365 321 1416 „quia
347 1366 459 1415 quod
475 1366 656 1416 parabat
672 1367 812 1406 dicere
830 1367 881 1406 de
899 1366 1102 1416 Chaerea,
1122 1368 1354 1416 postquam
1372 1354 1570 1406 cominus
1587 1369 1769 1407 ventum

190 1443 269 1493 est,
302 1452 390 1483 non
421 1443 551 1483 audet
581 1443 750 1483 dicere”
784 1453 893 1492 quae
926 1445 1029 1483 sunt
1061 1443 1328 1483 Scholiastae
1359 1444 1504 1483 verba.

248 1520 343 1561 Non
364 1521 577 1562 resalutat
593 1532 730 1561 senex
746 1522 822 1561 sed
839 1522 998 1561 iterum
1015 1523 1161 1571 rogat:
1182 1521 1214 1571 Q
1227 1532 1255 1560 u
1268 1532 1348 1560 em
1375 1532 1506 1570 prae
1519 1523 1703 1562 stolar
1716 1524 1770 1562 e‘?

168 1595 393 1650 *Eiusdem
434 1597 555 1638 verbi
596 1598 796 1648 repetitio
838 1599 1033 1638 metuere
1075 1597 1321 1647 incipientis
1354 1600 1432 1638 est.
1466 1599 1551 1639 Ubi
1582 1610 1684 1639 vero
1716 1610 1770 1639 ne

188 1683 303 1714 nunc
344 1674 519 1723 quidem
562 1675 797 1724 quidquam
830 1675 1061 1724 respondet
1092 1675 1319 1726 Parmeno,
1355 1686 1491 1715 senex
1522 1676 1649 1725 plane
1681 1676 1769 1715 iam

187 1749 466 1799 perturbatus
494 1751 737 1800 anxiusque
763 1762 901 1800 neque
929 1751 1131 1791 dubitans
1159 1752 1262 1800 quin
1289 1763 1335 1791 se
1363 1753 1542 1791 absente
1559 1763 1769 1801 magnum

189 1825 360 1875 aliquod
391 1826 560 1866 malum
593 1828 808 1877 acciderit,
843 1828 978 1867 Hem
1011 1829 1243 1869 exclamat.

248 1901 442 1943 Tandem
473 1903 536 1942 sic
568 1913 744 1942 narrare
777 1904 991 1943 Parmeno
1024 1904 1175 1954 incipit
1205 1915 1271 1944 vs.
1297 1892 1391 1944 '982
1425 1915 1513 1954 sq.:

920 1981 1038 2020 Emit
1070 1981 1286 2030 quendam
1318 1981 1531 2021 Phaedria

426 2055 695 2107 Eunuchum,
731 2067 861 2106 quem
894 2057 1004 2096 dono
1037 2057 1137 2097 huic
1168 2058 1290 2097 daret

192 2130 259 2184 „vo
287 2133 563 2183 quendam
591 2131 878 2186 ἕξουθενισμόν
906 2133 1123 2184 Significat
1149 2137 1193 2174 et
1220 2133 1414 2174 εὐτέλειαν
1443 2133 1616 2188 ἆνδρός”
1642 2136 1767 2175 Scho-

186 2210 318 2257 liasta
347 2211 465 2250 recte
497 2211 710 2250 observat.

250 2286 358 2336 „Pro
389 2287 594 2327 Eunucho
627 2287 819 2327 Chaerea
851 2289 904 2328 ad
936 2288 1145 2327 Thaidem
1179 2290 1246 2328 est
1278 2289 1486 2328 deductus
1519 2289 1661 2338 ibique
1693 2301 1768 2339 pro

187 2362 368 2403 moecho
415 2365 728 2413 comprensus’'
778 2366 840 2405 ita
886 2366 975 2405 fere
1023 2376 1198 2405 narrare
1245 2367 1396 2415 pergit.
1445 2367 1578 2406 Recte
1620 2369 1768 2407 autem

188 2438 431 2490 Scholiasta
477 2440 530 2479 ad
571 2451 661 2480 vss.
706 2442 790 2480 991
836 2452 913 2492 sq.,
959 2442 1032 2481 ubi
1065 2442 1140 2482 illa
1171 2453 1266 2492 pro
1298 2443 1564 2483 Eunucho
1598 2446 1642 2483 et
1672 2454 1767 2493 pro

187 2515 417 2554 moecho
449 2515 662 2567 leguntur,
698 2519 902 2557 annotat:
925 2518 1067 2567 „Bene
1093 2519 1327 2568 utrumque
1354 2530 1471 2570 pro,
1501 2521 1603 2569 quia
1629 2531 1767 2569 neque

187 2590 410 2630 eunuchus
457 2593 524 2631 est
572 2593 644 2641 qui
690 2594 866 2633 vitiavit
907 2594 1134 2645 virginem,
1180 2606 1317 2644 neque
1359 2596 1567 2635 moechus
1610 2597 1682 2645 qui
1724 2585 1767 2635 in

186 2666 314 2706 domo
356 2668 614 2708 meretricia.
647 2669 701 2709 Et
732 2671 881 2719 specta
913 2681 1045 2719 quam
1077 2671 1263 2710 oratorie
1295 2672 1569 2711 transtulerit
1589 2668 1615 2718 ¹)
1649 2683 1766 2711 men-

224 2789 246 2825 1)
265 2789 334 2819 Nos
351 2789 392 2818 de
410 2789 524 2824 aliqua
542 2790 712 2820 comoedia
731 2793 908 2821 narrantes
927 2792 975 2821 sic
998 2791 1088 2826 loqui
1107 2792 1270 2822 solemus:
1294 2794 1346 2829 „in
1367 2793 1511 2823 Terentii
1532 2792 1692 2822 Eunucho
1716 2785 1768 2826 (ut

184 2841 248 2870 hoc
276 2842 354 2871 utar
381 2841 544 2877 exemplo)
573 2849 692 2872 servus
719 2850 833 2872 senem
859 2843 1037 2881 decip1t;
1059 2844 1192 2880 culpam
1218 2845 1389 2875 malefacti
1415 2847 1450 2875 in
1472 2846 1664 2875 meretrices
1684 2854 1767 2876 con-

185 2893 304 2930 rert;”
327 2893 390 2929 vel,
409 2900 510 2923 versu
528 2893 641 2931 citato,
663 2895 756 2932 „vide
775 2903 876 2931 quam
897 2896 1004 2932 lepide
1030 2904 1066 2926 se
1086 2897 1249 2926 Parmeno
1269 2898 1494 2928 defendat.”
1516 2898 1630 2928 Sermo
1652 2899 1765 2928 autem

186 2945 394 2975 scholiastae
410 2945 473 2974 hoc
489 2945 592 2975 habet
609 2948 649 2976 ut
658 2946 726 2977 fere
736 2955 868 2984 semper
877 2949 1162 2984 huiusmodilocis
1179 2949 1272 2985 perf
1275 2951 1410 2979 ectum
1427 2952 1591 2986 tempus
1609 2952 1768 2987 ponatur.

186 2997 278 3035 Quod
297 2998 404 3028 semel
425 2998 625 3028 observasse
647 2998 871 3030 utilissimum
892 3002 946 3031 est
965 3002 994 3030 ei
1018 3001 1075 3036 qui
1095 3001 1320 3031 Scholiastam
1340 3004 1494 3032 excutere
1516 3003 1609 3033 velit.
