2002 3464
874 382 954 420 195

108 526 114 531 ·
123 522 201 562 pro
257 521 306 551 eo
357 508 497 559 quod
540 505 802 556 reponimus.
852 505 896 544 Si
945 506 1092 544 autem
1140 503 1396 553 Pamphilus
1445 503 1703 542 retinere

84 563 92 578 J
124 586 285 637 aliquid
325 585 491 633 dicitur,
530 581 696 621 nullam
727 580 860 619 aliam
891 580 985 619 vim
1016 580 1122 618 illud
1153 580 1336 619 verbum
1367 580 1526 618 habere
1559 579 1705 628 potest

124 673 259 714 quam
299 658 637 712 prohibendi
678 657 749 696 vel
790 657 1039 696 vetandi.
1079 656 1197 695 Nihil
1230 656 1347 695 enim
1378 656 1583 695 hocloco
1616 656 1705 704 agit

124 738 211 779 nisi
250 738 300 778 ut
339 737 527 777 matrem
570 744 596 772 a
637 733 856 782 proposito
899 744 978 773 suo
1020 734 1207 773 revocet.
1253 733 1335 779 (An
1376 742 1451 782 pro
1488 732 1706 771 retinet

90 802 92 804 ’
123 813 356 864 legendum
395 810 693 861 prohibet?
735 810 830 849 Non
872 810 1042 848 videtur
1074 809 1155 848 hoc
1187 809 1511 855 necessarium).
1544 808 1706 847 Deinde

125 889 264 931 bene
310 887 564 928 retinere
612 897 711 925 cum
754 886 1008 935 Pamphilus
1051 885 1218 935 dicitur,
1259 885 1488 934 prudentia
1519 885 1624 935 eius,
1659 885 1708 923 ut

126 965 287 1016 opinor,
333 963 546 1004 laudatur.
595 962 826 1001 Prudentis
874 964 1023 1001 autem
1066 950 1133 1001 est
1174 963 1429 1001 retinere
1473 963 1556 1009 (vel
1596 972 1706 1011 pro-

123 1041 334 1087 hibere)
376 1040 488 1089 quod
529 1050 609 1078 sua
650 1040 861 1079 interesse
894 1050 947 1078 ne
979 1039 1056 1079 fiat
1092 1070 1223 1079 ......
1239 1040 1372 1088 quid?
1405 1040 1520 1078 Num
1551 1039 1708 1078 vult?

124 1115 323 1165 Minium&
367 1115 478 1165 (quis
519 1115 637 1155 enim
678 1126 871 1164 unquam
913 1116 995 1155 hoc
1036 1115 1244 1165 cogitavit
1281 1116 1351 1154 vel
1384 1116 1579 1155 elocutus
1616 1116 1705 1155 est:

128 1192 236 1245 „hoc
274 1202 376 1232 mea
414 1192 626 1231 interesse
668 1192 871 1238 volo'’‘?)
910 1192 985 1230 sed
1027 1192 1198 1231 videt.
1243 1192 1355 1241 Lege
1399 1202 1522 1241 ergo:
1571 1192 1705 1242 „bene

124 1269 284 1311 retinet
329 1269 552 1320 (prohibet)
600 1269 711 1317 quod
757 1268 876 1307 videt
922 1279 1003 1307 sua
1048 1269 1260 1308 interesse
1308 1279 1361 1308 ne
1408 1268 1527 1308 fiat.’'
1578 1269 1706 1308 Videt

0 1335 13 1373 5²
80 1366 83 1369 -
127 1347 276 1389 autem
316 1345 527 1395 planeque
568 1344 771 1393 intelligit-
812 1344 1067 1393 Pamphilus
1109 1355 1189 1384 sua
1230 1345 1443 1384 interesse
1480 1356 1534 1384 ne
1566 1346 1708 1384 mater

127 1421 255 1462 domo
301 1421 450 1461 abeat:
493 1421 568 1460 illa
609 1421 726 1459 enim
768 1421 959 1469 profecta
1000 1431 1110 1460 uxor
1151 1421 1300 1469 utique
1343 1421 1588 1470 recipienda
1626 1422 1708 1460 erit

129 1486 259 1547 atque
289 1498 426 1548 ipsius
456 1498 600 1537 famae
632 1498 809 1537 aeterna
841 1497 1090 1537 adhaerebit
1121 1488 1307 1537 macula.

193 1574 260 1614 19.
291 1573 540 1624 Respondet
569 1575 712 1613 mater
743 1575 787 1612 et
819 1574 904 1613 alia
935 1575 979 1613 et
1009 1574 1139 1613 haec:

404 1650 524 1690 Haec
554 1650 664 1689 mihi
695 1660 810 1689 nunc
842 1660 944 1689 cura
975 1651 1043 1689 est
1073 1650 1282 1700 maxima,
1316 1651 1366 1689 ut
1397 1661 1450 1690 ne
1483 1650 1551 1689 cui
1582 1661 1707 1689 meae

248 1726 559 1776 Longinquitas
592 1726 749 1765 aetatis
781 1726 935 1775 obstet,
970 1727 1214 1765 mortemve
1247 1727 1471 1775 exspectet
1503 1735 1662 1765 meam.

6 1809 10 1811 ’
92 1837 95 1840 «
129 1803 398 1843 Annotatur:
444 1812 533 1852 „ne
575 1802 663 1841 cui
703 1802 861 1851 odiose,
905 1812 959 1840 ne
1000 1802 1079 1841 tibi
1111 1803 1314 1842 diceret.”
1348 1803 1461 1851 Lege
1493 1813 1557 1842 ne
1592 1802 1702 1852 cui,

130 1890 186 1920 ne
216 1880 363 1919 odiose
394 1890 458 1918 ne
488 1878 597 1918 tibi
628 1879 830 1918 diceret.”

194 1955 314 2005 „Hoc
345 1955 399 1994 ad
428 1965 599 2004 nurum,
633 1955 1005 2004 exspectationem
1033 1955 1086 1994 ad
1113 1954 1252 1994 filium
1281 1956 1456 1995 refert.'’
1486 1955 1711 1995 Contraria

3 2044 6 2047 ’
66 2065 69 2067 .
133 2034 202 2073 ost
240 2033 347 2072 haec
389 2033 612 2072 annotatio
650 2033 935 2082 praecedenti,
980 2033 1109 2081 atque
1152 2033 1214 2071 sic
1252 2033 1501 2082 accipienda
1531 2034 1581 2071 ut
1612 2033 1712 2071 hoc

133 2108 214 2149 sit:
247 2119 312 2148 ne
344 2109 432 2148 cui
467 2131 519 2137 —-
553 2109 756 2158 obstet,
792 2110 835 2148 et
862 2119 947 2147 uno
974 2109 1183 2148 vocabulo
1211 2109 1712 2158 exspectationem

83 2223 86 2226 .
134 2184 432 2235 significentur
464 2185 571 2224 haec
601 2186 913 2224 mortemve
946 2187 1250 2235 exspectet
1282 2196 1472 2225 meam.

196 2262 266 2301 24.
300 2261 469 2301 Ultima
501 2261 721 2300 Sostratae
753 2261 860 2301 haec
891 2262 1023 2300 verba
1056 2263 1159 2300 sunt
1173 2273 1180 2300 :

257 2338 358 2377 Sine
398 2347 483 2387 me,
527 2337 715 2387 obsecro,
758 2338 840 2377 hoc
882 2337 1081 2387 effugere,
1119 2338 1273 2387 vulgus
1306 2338 1418 2387 quod
1449 2338 1565 2377 male
1597 2337 1718 2377 audit

1395 2414 1657 2461 [mulierum.

139 2491 235 2531 Sch.
251 2502 260 2530 z
303 2501 330 2540 q
341 2501 370 2529 u
381 2501 406 2530 o
417 2490 444 2529 d
484 2500 531 2529 m
543 2490 594 2529 al
606 2501 629 2530 e
670 2501 696 2530 a
706 2501 735 2529 u
746 2491 843 2538 dit]
892 2522 909 2540 „
919 2491 1056 2540 Supra
1098 2491 1220 2540 dixit,
1261 2491 1313 2530 ab
1346 2491 1571 2530 honesto.''
1606 2490 1720 2530 Olim

138 2567 209 2606 hic
249 2567 394 2606 verbis
435 2566 681 2606 immutatis
722 2568 996 2617 repetebatur
1037 2568 1231 2610 scholion
1271 2569 1533 2617 praecedens
1548 2579 1556 2606 ε
1595 2567 1722 2617 „quia

139 2643 312 2683 dixerat
356 2643 542 2682 maritus
589 2643 682 2682 eius
729 2654 919 2683 omnes
967 2654 1167 2683 socrus
1216 2645 1459 2683 oderunt
1505 2645 1722 2693 nurus,''

140 2719 216 2759 sed
256 2719 429 2768 repetiti
470 2719 623 2758 scholii
664 2720 725 2759 nil
766 2720 851 2759 nisi
892 2721 1079 2760 miserae
1122 2721 1328 2769 reliquiae
1372 2732 1394 2760 s
1406 2732 1434 2760 u
1446 2732 1472 2770 p
1485 2732 1506 2760 r
1518 2731 1543 2760 a
1575 2720 1729 2759 dixit

141 2797 388 2844 supersunt.
438 2795 590 2837 Verbis
637 2797 783 2835 autem
832 2807 858 2835 a
869 2797 894 2835 b
937 2797 965 2834 h
978 2807 1002 2835 o
1016 2807 1043 2855 n
1056 2807 1078 2835 e
1092 2807 1114 2835 s
1126 2798 1144 2835 t
1157 2808 1193 2846 o,
1239 2797 1368 2836 solita
1410 2797 1595 2836 rhetoris
1637 2807 1725 2836 ora·
1799 2777 1801 2780 Ι

141 2868 274 2922 tione,
335 2870 603 2921 significatur
659 2883 681 2910 e
729 2883 812 2921 quo
859 2883 1015 2922 genere
1063 2873 1121 2911 sit
1173 2875 1481 2921 argumentum
1529 2885 1611 2922 quo
1659 2874 1728 2912 hic
1767 2921 1771 2924 Ι

147 2947 348 2987 Sostrata
379 2947 530 2987 utitur.
