2002 3464
1023 422 1104 461 182

285 545 451 583 Scholio
492 545 667 593 legitur:
716 546 851 594 „quod
893 546 1088 595 obiurgat
1128 547 1261 596 Micio,
1306 548 1451 596 magni
1494 547 1652 586 amoris
1694 549 1760 587 est
1796 549 1845 604 et

282 619 524 659 necessaria
574 631 648 669 pro
699 631 880 669 persona
926 622 1189 660 assentatio”
1238 622 1610 671 corruptissimum
1656 623 1838 662 videtur.

284 694 390 744 Quid
422 695 537 734 enim
570 697 636 734 est
666 697 997 735 necessaria
1037 707 1131 745 pro
1173 707 1413 746 persona
1454 698 1810 737 assentatio?

343 771 410 810 65.
454 771 663 819 ·‚‚Magnus
699 771 870 810 institor
901 771 968 810 sui
999 771 1192 811 beneficii
1225 773 1301 822 est,
1336 773 1407 821 qui
1440 784 1464 811 a
1496 772 1577 811 diis
1608 773 1840 822 petendum

283 855 378 883 esse
420 845 521 884 dicit
561 846 670 893 quod
712 846 802 895 ipse
844 848 1120 895 praestabit.'’
1165 847 1252 896 Quo
1294 858 1423 887 sensu
1464 848 1533 886 1110
1575 848 1737 887 dictum
1774 849 1842 888 est

283 920 553 959 institor?
599 921 667 959 An
712 922 933 961 hominem
979 922 1192 971 significat
1234 923 1316 972 qui,
1361 925 1409 962 ut
1451 924 1622 962 institor
1664 923 1839 963 circum-

283 995 482 1053 foraneus
523 1006 689 1035 merces
721 1007 834 1046 suas,
869 997 929 1035 ita
959 997 1214 1037 beneficium
1245 1008 1372 1037 suum
1405 1000 1585 1037 exornat
1615 998 1841 1038 laudibus?

343 1072 411 1110 67.
454 1071 515 1110 Ni
562 1073 740 1121 magis
787 1074 839 1111 te
887 1084 1045 1122 quarn
1093 1074 1285 1113 oculos
1332 1085 1474 1113 nunc
1520 1085 1637 1114 amo
1684 1078 1838 1122 meos]

287 1146 529 1195 „eleganter
570 1147 795 1187 inventum
837 1150 914 1198 est,
960 1150 1069 1197 quod
1106 1150 1149 1188 in
1181 1160 1227 1188 se
1260 1152 1428 1188 amator
1458 1150 1647 1189 multum
1679 1149 1839 1200 diligat,

283 1220 324 1259 id
357 1223 424 1261 est
455 1222 621 1262 oculos:
655 1225 702 1262 ut
734 1235 756 1262 e
790 1224 1001 1263 contrario
1034 1224 1077 1262 in
1108 1224 1311 1264 Eunucho
1345 1225 1699 1264 adolescenti
1731 1225 1843 1274 ipsi
1883 1216 1886 1219 ⁴

284 1296 560 1344 eriperem
603 1298 807 1348 oculos,
852 1299 892 1338 id
931 1300 997 1338 est
1028 1300 1143 1348 ipsos
1176 1300 1226 1338 de
1260 1300 1411 1348 quibus
1444 1301 1604 1339 amat.”
1638 1300 1743 1339 Mira
1773 1310 1842 1340 res

285 1373 362 1421 est,
406 1373 475 1411 hic
516 1374 740 1421 tamquam
783 1385 837 1413 ex
877 1375 1080 1414 Eunucho
1124 1375 1246 1414 citari
1288 1386 1395 1423 quae
1437 1376 1480 1414 in
1511 1376 1615 1424 ipsis
1646 1376 1843 1429 legantur

284 1447 501 1496 Adelphis.
545 1448 576 1486 E
622 1449 763 1488 verbis
801 1450 946 1488 autem
980 1450 1135 1498 ipsos
1167 1451 1226 1489 de
1258 1451 1458 1498 quibus
1490 1452 1638 1490 amat
1668 1451 1842 1490 omnino

284 1523 344 1561 de
376 1523 666 1563 eximendum.

344 1599 411 1637 69.
455 1600 632 1638 Ardenti
675 1600 864 1638 oratione
905 1600 1016 1648 patri
1054 1600 1215 1649 gratias
1248 1601 1336 1649 agit
1366 1601 1629 1650 Aeschinus;
1661 1582 1842 1650 cumdue

285 1673 410 1721 paulo
458 1675 556 1713 ante
604 1675 655 1713 ab
703 1675 774 1714 illo
820 1675 964 1714 iussus
1011 1676 1068 1714 sit
1116 1676 1216 1715 deos
1262 1676 1424 1724 precari
1465 1677 1514 1715 ut
1553 1676 1698 1716 omnia
1735 1677 1843 1717 bene

283 1750 466 1798 vertant,
500 1760 613 1788 nunc
648 1749 755 1799 „Abi
785 1751 933 1798 pater”
968 1751 1105 1799 inquit

401 1824 463 1862 Tu
496 1825 639 1873 potius
672 1825 772 1863 deos
806 1835 1097 1874 comprecare:
1132 1837 1234 1865 nam
1265 1826 1344 1865 tibi
1376 1837 1460 1877 008,
1496 1828 1610 1867 certo
1641 1827 1742 1878 scio,

402 1899 490 1948 Quo
518 1900 584 1938 vir
611 1901 768 1954 melior
790 1901 927 1940 multo
955 1911 1013 1950 es,
1044 1912 1172 1949 quam
1195 1912 1284 1951 ego,
1300 1897 1672 1951 'obtemperaturos
1688 1903 1841 1953 magis.

281 1976 547 2014 Annotatur:
596 1976 733 2024 „mira
774 1977 991 2015 sententia
1032 1977 1133 2016 deos
1175 1977 1349 2025 obsequi
1390 1977 1523 2027 boniS,
1568 1979 1690 2026 quasi
1720 1978 1843 2018 bonis

281 2051 528 2090 hominibus
555 2052 743 2090 multum
772 2052 965 2091 debeant.
993 2053 1046 2091 Et
1072 2053 1116 2091 in
1143 2053 1467 2092 excusationem
1497 2053 1696 2102 precandi
1727 2054 1840 2104 (1008,

280 2126 377 2166 vide
401 2137 510 2175 quae
537 2127 721 2166 facultas
749 2128 851 2166 nata
877 2127 934 2166 sit
960 2130 1127 2176 patrem
1155 2128 1246 2167 sine
1274 2129 1564 2168 assentatione
1590 2129 1841 2168 laudandiv'

281 2202 414 2251 Lege:
465 2204 515 2241 et
563 2212 627 2240 ex
676 2203 1210 2242 commemoratione
1255 2204 1521 2251 precandi
1573 2205 1703 2243 deos
1742 2213 1840 2253 pro:

281 2279 333 2316 et
365 2278 418 2316 in
451 2278 883 2317 excusationem
916 2279 1183 2326 precandi
1216 2279 1357 2317 deos.
1386 2278 1556 2318 Etenim
1582 2280 1651 2318 1110
1677 2290 1842 2328 quoque

281 2352 468 2391 Terentii
494 2353 694 2392 laudatur
720 2353 956 2402 vigilantia,
986 2354 1056 2401 qui
1083 2354 1175 2392 ideo
1202 2364 1351 2392 senem
1377 2354 1518 2392 verbis
1551 2355 1680 2394 deos
1712 2365 1840 2394 com-

277 2439 512 2477 precare
553 2429 749 2467 utentem
790 2428 938 2467 fecerit
979 2430 1027 2467 ut
1061 2428 1198 2477 lepide
1230 2439 1329 2467 eum
1360 2429 1560 2468 laudandi
1591 2412 1842 2470 facultatem

278 2505 552 2543 nanciscatur
584 2503 708 2542 filius.

336 2651 405 2701 IV,
457 2652 493 2701 7,
549 2652 614 2691 13.
665 2652 812 2701 „Illinc
853 2653 935 2692 huc
976 2652 1257 2692 transferetur
1298 2651 1460 2701 virgo.”
1504 2651 1694 2691 Micionis
1735 2652 1841 2693 haec

276 2728 406 2766 verba
439 2728 551 2766 sunt.
587 2727 851 2766 Annotatur:
885 2728 1198 2777 „Virginem
1225 2738 1332 2775 quae
1360 2727 1492 2766 etiam
1521 2737 1619 2766 cum
1641 2727 1732 2767 viro
1758 2728 1840 2767 fuit

277 2804 444 2842 vocat.”
501 2803 639 2842 Immo
693 2804 863 2842 etiarn
911 2814 1057 2852 quae,
1106 2813 1190 2841 non
1238 2813 1374 2850 quae
1421 2802 1608 2841 etiam.
1656 2801 1837 2842 Nomine

277 2878 391 2916 enim
439 2878 599 2926 virgo
642 2879 866 2927 Pamphila
907 2877 1182 2927 significatur,
1228 2888 1310 2926 qua
1352 2878 1512 2917 dudum
1555 2877 1693 2917 amica
1733 2887 1838 2917 usus

277 2955 343 2992 est
373 2953 625 2993 Aeschinus.
