2002 3464
1044 384 1100 423 32

292 507 396 556 vult,
426 507 512 546 iam
546 517 600 546 ex
631 507 702 546 illo
735 506 936 547 infinitivi
966 519 1048 547 usu
1079 509 1272 558 ineptum
1299 510 1407 548 fatui
1435 509 1622 549 hominis
1645 519 1847 559 apparere

291 583 466 622 fastum.
495 583 695 622 Libenter
722 584 856 633 credo,
890 586 1010 623 verte
1038 585 1153 624 enim
1181 586 1286 624 haec
1311 586 1502 634 Belgice:
1532 586 1679 624 audies
1695 595 1847 624 vocem
1888 612 1891 614 -

291 658 443 696 stolide
475 659 773 706 superbientis.

349 733 592 781 Respondet
619 733 809 773 Gnatho:
842 735 960 784 „Non
989 736 1082 774 tam
1108 736 1216 775 dono
1242 736 1356 775 laeta
1382 736 1463 774 fuit
1489 735 1618 774 Thais
1645 735 1720 774 sed
1737 719 1847 784 quod

290 818 315 846 a
360 809 402 846 te
450 809 599 847 datum
646 810 734 848 est:
783 810 834 848 id
889 821 1019 849 vero
1076 812 1226 850 serio
1282 811 1640 859 triumphat.”
1692 809 1848 850 Censet

290 883 529 922 Scholiasta
560 884 611 923 de
638 885 859 935 industria,
889 887 931 924 et
958 887 1006 925 ut
1032 886 1241 925 Thrasoni
1266 887 1519 936 blandiatur,
1549 886 1629 925 hoc
1659 885 1845 925 trium-

288 958 494 1006 phandi
549 960 729 999 verbum
786 961 984 999 adhibere
1042 961 1325 1010 Gnathonem,
1381 962 1583 1010 quoniam
1633 961 1846 1010 „militare

289 1034 478 1073 dictum”
523 1035 592 1074 sit.
626 1035 707 1074 Hic
738 1019 922 1086 quidem,
956 1038 1005 1075 ut
1036 1038 1195 1086 opinor,
1229 1037 1448 1086 egregium
1479 1037 1622 1075 virum
1653 1036 1846 1076 studium

288 1109 391 1148 illud
423 1111 667 1158 ceteroquin
698 1111 960 1150 laudandum
987 1112 1030 1150 in
1058 1112 1209 1160 quovis
1235 1113 1441 1151 vocabulo
1473 1112 1663 1160 aliquam
1692 1121 1844 1151 venus-

287 1186 424 1223 tatem
466 1186 805 1235 deprehendendi
846 1188 1008 1226 fefellit.
1047 1188 1158 1226 Nam
1200 1198 1351 1226 omnes
1391 1168 1589 1226 homines
1626 1197 1674 1225 eo
1715 1196 1847 1226 sensu

287 1260 358 1299 illo
399 1261 528 1300 verbo
568 1263 760 1312 utuntur,
799 1273 884 1302 non
915 1264 1077 1302 milites
1109 1264 1189 1302 soli
1219 1264 1463 1302 militumve
1496 1262 1750 1302 adulatores
1783 1260 1844 1301 Of.

287 1336 457 1375 Phorm.
493 1338 576 1376 543
608 1338 680 1376 ubi
713 1349 864 1377 servus
896 1339 1076 1377 herilem
1108 1338 1245 1378 filium
1278 1340 1421 1387 rogat:

420 1414 514 1452 Non
545 1414 762 1463 triumpho
795 1426 849 1453 ex
880 1416 1041 1464 nuptiis
1073 1416 1160 1454 tuis
1192 1416 1229 1454 si
1261 1416 1320 1453 nil
1347 1415 1570 1454 nanciscor
1601 1413 1737 1452 mali?

346 1499 409 1528 vs.
443 1490 527 1529 395
979 1492 1073 1539 „est
1105 1492 1217 1530 istuc
1249 1491 1397 1530 datum

419 1565 625 1615 Profecto,
659 1567 708 1604 ut
739 1567 862 1614 grata
892 1567 1000 1605 mihi
1031 1567 1119 1604 sint
1151 1576 1258 1614 quae
1289 1566 1398 1604 facio
1431 1564 1618 1604 omnia,”

288 1639 455 1688 Quanta
495 1640 599 1679 insit
639 1641 707 1680 his
738 1642 956 1680 vocabulis
988 1642 1185 1690 superbia
1221 1642 1381 1690 optime
1413 1640 1625 1688 intelliges
1656 1639 1694 1677 si
1724 1649 1842 1687 repu-
1867 1633 1880 1650 ⁴

285 1716 397 1754 tabis
440 1717 628 1755 datum
670 1727 786 1756 esse:
834 1727 885 1765 „a
926 1717 990 1755 dis
1028 1717 1344 1755 immortalibus
1386 1716 1578 1754 datum''.
1615 1714 1844 1753 Gratum

286 1793 432 1830 autem
474 1794 562 1831 est:
610 1793 745 1841 „quod
786 1793 890 1831 facit
929 1794 978 1831 ut
1018 1792 1180 1841 gratias
1221 1792 1343 1831 nobis
1384 1791 1570 1830 habeant
1601 1789 1842 1829 homines.’'

286 1866 345 1905 Of.
379 1867 533 1906 Heaut.
569 1868 676 1907 262:

639 1944 749 1982 Tum
781 1955 910 1992 quom
935 1937 1114 1993 'gratum
1145 1943 1253 1982 mihi
1285 1953 1378 1982 esse
1410 1942 1549 1991 potuit
1574 1940 1703 1980 nolui.

343 2019 603 2058 Narraturus
649 2031 805 2069 „quam
850 2022 973 2068 grata
1014 2020 1095 2058 sibi
1136 2020 1224 2058 sint
1265 2019 1451 2068 omnia,”
1484 2018 1510 2056 i.
1530 2028 1565 2056 e.
1599 2026 1730 2064 quam
1760 2015 1842 2054 sibi

284 2094 482 2134 homines
524 2096 738 2134 devincire
780 2096 889 2134 sciat
930 2095 1161 2143 soleatque,
1206 2095 1286 2133 hoc
1322 2094 1510 2142 primum
1543 2092 1668 2130 affert
1699 2100 1840 2130 exem-

283 2170 403 2218 plum
436 2173 512 2216 (vs.
547 2171 629 2209 397
664 2173 765 2218 sq.):

989 2245 1059 2284 vel
1089 2255 1167 2283 rex
1197 2253 1367 2292 semper
1397 2242 1615 2281 maximas

476 2322 577 2359 Mihi
609 2321 762 2369 agebat
794 2320 995 2368 quidquid
1026 2320 1234 2358 feceram:
1268 2319 1363 2357 aliis
1394 2327 1479 2356 non
1509 2317 1628 2355 item.

282 2396 474 2435 Annotat
501 2396 760 2434 Scholiasta:
792 2395 955 2444 „Quam
982 2394 1284 2442 intempestive
1310 2393 1435 2431 miles
1458 2392 1510 2430 ad
1526 2401 1672 2439 regem
1688 2389 1839 2429 transi-

282 2473 377 2510 tum
418 2472 522 2510 facit
563 2482 661 2510 cum
704 2471 754 2510 de
795 2471 1019 2509 meretrice
1062 2470 1254 2518 agatur'’.
1288 2467 1555 2516 Rectissime,
1589 2467 1638 2505 ut
1669 2466 1837 2514 opinor:

283 2548 463 2586 habetur
505 2547 620 2585 enim
662 2557 804 2585 sermo
842 2547 941 2584 ante
973 2544 1248 2583 mulierculae
1280 2543 1418 2592 aedeS,
1453 2543 1496 2580 et
1526 2542 1576 2580 de
1608 2541 1861 2579 mulierum·

284 2622 504 2670 captandis
536 2622 754 2660 mentibus
786 2622 878 2660 erat
910 2620 1135 2668 agendum.
1186 2642 1189 2645 >

345 2699 464 2748 „Rex
495 2698 622 2745 ergo''
655 2697 817 2735 Thraso
849 2696 996 2734 narrat
1028 2695 1125 2740 (403
1159 2695 1287 2740 sqq.):

1077 2769 1212 2807 sicubi
1244 2778 1343 2806 eum
1374 2767 1554 2806 satietas

487 2848 725 2887 Hominum
757 2848 832 2885 aut
862 2846 1006 2894 negoti
1038 2844 1243 2892 siquando
1276 2843 1420 2881 odium
1453 2844 1632 2892 ceperat,

487 2925 767 2972 Requiescere
799 2922 870 2960 ubi
905 2921 1083 2969 volebat,
1118 2920 1252 2968 quasi,
1287 2920 1463 2957 nostin?
