2002 3464
990 373 1044 412 94

386 494 479 533 Non
511 505 688 535 causam
718 496 811 535 dico
843 497 945 546 quin
975 499 1087 547 quod
1118 500 1299 539 meritus
1330 500 1388 539 sit
1419 500 1540 539 ferat.

386 569 466 609 Sed
497 570 633 619 siquis
663 571 773 611 forte
804 573 973 612 malitia
1003 574 1139 613 fretus
1169 585 1248 614 sua

386 646 569 686 Insidias
600 649 772 698 nostrae
803 649 906 688 fecit
936 650 1247 690 adolescentiae

385 723 447 761 Ac
478 722 594 773 vicit,
628 725 806 763 nostran
838 725 962 774 culpa
993 727 1087 765 east
1118 737 1173 765 an
1204 727 1424 766 iudicum?

237 790 532 847 Lepidissima,
576 798 729 849 hercle,
774 800 964 839 defensio
1006 802 1134 849 atque
1176 799 1423 852 ἠθικωτάτη;
1466 803 1511 841 at
1551 802 1662 842 bona
1691 812 1791 852 pars

236 872 479 911 venustatis
512 873 555 911 in
586 884 670 913 uno
703 874 816 913 inest
848 885 980 923 eoque
996 875 1130 915 'brevi
1160 877 1377 927 vocabulo,
1411 877 1483 916 ubi
1514 878 1679 928 lateret,
1708 877 1792 916 nisi

236 946 281 984 in
325 947 467 985 lucem
513 950 798 996 protraxisset
845 950 1084 990 Scholiasta
1129 952 1464 1000 prudentissima
1505 953 1557 1006 ad
1598 963 1661 992 vs.
1707 953 1790 992 273

237 1022 534 1084 annotatione:
572 1024 785 1074 „Forte7
815 1025 937 1073 quasi
963 1036 1048 1065 non
1074 1027 1338 1076 defensurus,
1366 1028 1440 1066 sed
1467 1027 1598 1066 simul
1615 1037 1791 1067 causam

237 1097 484 1145 cogniturus
531 1099 774 1148 advenerit;
821 1111 900 1140 nec
941 1102 1159 1140 contendit
1199 1112 1350 1141 verum
1393 1113 1499 1152 esse,
1533 1103 1643 1151 quod
1675 1103 1788 1152 dicit,

236 1183 289 1211 ne
336 1173 568 1213 sollicitum
614 1175 745 1214 faciat
791 1176 843 1214 ad
885 1177 1184 1216 credendum.”
1227 1177 1348 1216 Nunc
1379 1178 1554 1216 demum
1586 1177 1792 1226 intelligis

237 1259 366 1295 quam
408 1249 558 1288 callide
599 1261 646 1289 se
689 1251 803 1290 illius
836 1252 1022 1290 astutiae
1054 1253 1274 1291 conscium
1305 1252 1439 1291 fuisse
1469 1253 1680 1291 Phaedria
1710 1252 1790 1291 dis-

236 1323 434 1372 simulet;
482 1325 671 1373 loquitur
716 1328 941 1375 tamquam
988 1328 1039 1366 de
1080 1338 1125 1366 re
1166 1339 1219 1367 ne
1261 1328 1342 1376 ipsi
1374 1318 1546 1376 quidem
1578 1327 1788 1375 credibili;

236 1398 326 1446 ipse
373 1410 486 1438 nunc
531 1401 706 1439 demum
753 1401 912 1450 aliquid
958 1402 1010 1441 de
1057 1413 1106 1441 ea
1147 1403 1410 1442 inaudivisse
1440 1403 1620 1442 videtur.
1655 1403 1698 1441 Si
1729 1402 1792 1442 sic

235 1474 438 1513 dixisset:
486 1475 572 1525 „ita
613 1476 727 1515 facta
766 1487 835 1515 res
867 1478 956 1526 est;
989 1477 1308 1517 circumventus
1340 1480 1407 1517 est
1436 1478 1550 1517 filius
1581 1480 1682 1517 tuus
1714 1478 1789 1517 im-

234 1549 433 1597 pudentis
480 1550 727 1599 impostoris
773 1553 1038 1602 mendacio’',
1087 1553 1403 1602 interpellasset
1449 1564 1548 1606 eum
1589 1554 1789 1601 patruus:

240 1625 463 1673 „mentiris
510 1628 637 1674 atque
684 1627 767 1666 isto
814 1628 1037 1667 mendacio
1083 1629 1220 1667 temet
1260 1628 1350 1677 ipse
1382 1629 1566 1667 indicas:
1599 1630 1643 1667 te
1675 1627 1790 1667 enim

235 1700 398 1739 sciente
454 1702 497 1740 et
553 1702 782 1741 adiuvante
839 1703 1017 1742 insidias
1068 1704 1164 1742 illas
1211 1705 1399 1743 structas
1446 1713 1541 1743 esse
1586 1703 1676 1742 iam
1722 1713 1790 1752 ap-

234 1776 396 1823 paret.”
459 1776 580 1815 Nunc
640 1787 741 1816 vero
802 1778 1097 1817 huiuscemodi
1160 1780 1227 1817 est
1283 1779 1376 1817 eius
1431 1779 1590 1818 oratio:
1653 1776 1791 1827 „finge

233 1851 382 1889 tamen
408 1862 561 1890 verum
589 1863 696 1902 esse,
726 1853 836 1900 quod
862 1852 975 1892 filius
1001 1856 1103 1892 tuus
1126 1854 1198 1904 ait,
1218 1854 1418 1902 quamvis
1434 1854 1630 1893 videatur
1646 1853 1790 1892 absur-

234 1927 364 1965 dum”
409 1938 444 1967 e.
473 1939 512 1976 q.
541 1939 574 1967 S.

293 2003 465 2042 Phorm.
499 2004 597 2043 605.
632 2004 740 2043 Geta
770 2014 918 2043 secum
950 2005 1253 2044 deliberatione
1279 2005 1426 2044 habita
1452 2005 1504 2044 ab
1531 2003 1789 2053 Antiphonis

233 2079 365 2127 patre,
400 2089 528 2126 quem
561 2079 649 2117 iam
681 2090 735 2118 ex
766 2079 918 2118 itinere
949 2090 1171 2119 reversum
1203 2080 1296 2129 scit,
1330 2080 1556 2128 pecuniam
1588 2079 1790 2118 abradere

235 2154 435 2202 decernit,
480 2164 564 2202 qua
604 2154 838 2192 Phaedriae
880 2164 986 2203 opus
1018 2155 1105 2202 est;
1141 2155 1326 2202 dumque
1358 2155 1481 2193 illum
1512 2154 1654 2193 solum
1684 2163 1789 2192 mox

234 2230 484 2268 adfuturum
526 2230 761 2279 exspectat,
806 2230 1216 2278 appropinquantem
1258 2240 1358 2268 eum
1390 2240 1489 2268 cum
1521 2229 1654 2268 altero
1686 2239 1788 2268 sene

234 2305 462 2353 conspicit:
511 2305 745 2344 Phaedriae
786 2306 906 2353 pater
948 2306 1025 2354 est,
1069 2315 1172 2344 nam
1205 2306 1247 2344 et
1278 2305 1350 2343 ille
1381 2305 1577 2353 opinione
1609 2305 1788 2344 celerius

232 2390 407 2428 peregre
453 2380 591 2419 rediit.
639 2380 692 2418 Et
737 2380 875 2428 primo
917 2380 1058 2419 subito
1101 2380 1192 2419 eius
1234 2380 1421 2418 adventu
1453 2379 1560 2418 Geta
1589 2381 1786 2430 terretur,

233 2455 307 2504 sed
354 2466 458 2494 mox
500 2455 702 2504 intelligit
747 2466 861 2494 nunc
902 2456 1077 2494 demum
1109 2455 1321 2503 duplicem
1353 2455 1434 2493 sibi
1467 2455 1634 2494 ostendi
1666 2465 1787 2504 spem

233 2532 276 2569 et
311 2532 510 2580 „petam”
544 2532 632 2578 (ait)

556 2607 657 2646 hinc
686 2608 798 2646 unde
830 2617 855 2646 a
885 2606 1023 2655 primo
1055 2605 1245 2644 institui:
1280 2606 1317 2644 is
1349 2606 1386 2644 si
1418 2606 1502 2656 dat,
1536 2606 1606 2644 sat
1637 2606 1725 2644 est:

439 2682 484 2720 Si
515 2682 566 2721 ab
600 2693 648 2721 eo
679 2683 740 2721 nil
771 2681 857 2732 fiet,
890 2683 986 2720 tum
1017 2682 1130 2720 hunc
1161 2681 1327 2720 adoriar
1359 2681 1587 2730 hospitem.

233 2755 339 2805 Quid
370 2757 452 2795 sibi
483 2757 552 2795 hic
583 2767 741 2795 nomen
767 2757 971 2805 hospes
997 2755 1230 2794 Phaedriae
1255 2755 1367 2804 patri
1394 2756 1544 2794 datum
1569 2755 1675 2794 velit
1700 2765 1785 2794 non

231 2833 407 2880 apparet
451 2831 589 2880 primo
636 2833 811 2880 aspectu
825 2843 834 2879 ;
877 2831 951 2870 sed
992 2831 1128 2878 lepide
1170 2830 1242 2868 illo
1274 2830 1428 2869 Getam
1458 2830 1588 2868 iocari
1618 2829 1784 2877 egregie

232 2906 472 2949 Scholiasta
517 2906 640 2945 docet
687 2906 951 2945 annotando:
1002 2906 1183 2955 „Astute
1224 2905 1507 2954 hospitem
1549 2905 1600 2943 de
1631 2914 1680 2943 eo
1712 2904 1783 2952 qui
