2002 3464
900 359 954 398 37

76 504 83 510 »
140 485 237 534 lejo.
274 485 329 525 Et
358 485 506 525 laudat
536 485 656 524 illam
689 485 981 524 coniecturam
1014 485 1296 524 Ruhnkenius
1328 483 1600 530 defenditque
1632 482 1713 520 hoc

141 572 164 601 e
200 561 403 602 Cicerone
434 561 493 607 (in
525 561 727 619 Pisonem
764 562 830 606 17)
863 561 955 600 loco
988 561 1227 600 afferendo:
1266 560 1363 609 „ille
1394 569 1551 608 gurges
1583 559 1712 605 atque

140 637 296 689 helluo,
329 639 459 678 natus
490 637 709 677 abdomini
740 648 831 686 suo,
866 648 951 676 non
982 637 1098 676 laudi
1131 647 1180 676 ac
1211 636 1414 686 gloriae.”
1449 634 1579 684 Quasi
1610 644 1712 673 vero

139 713 229 754 ulla
253 713 324 754 hic
349 713 408 753 sit
432 713 675 753 mutatione
703 723 822 762 opus.
851 713 992 761 Rogat
1013 713 1131 752 enim
1149 713 1384 752 Parmeno:
1407 710 1711 761 „hominemne

139 800 196 829 ex
226 789 401 830 homine
433 799 488 828 an
519 789 693 828 beluam
726 800 781 829 ex
812 789 938 828 belua
970 790 1122 828 natum
1155 789 1272 827 dicas
1284 789 1332 827 ‘?”

199 866 401 915 Sequitur
432 868 510 912 (VS.
545 866 669 912 460):
707 866 805 915 „ubi
836 866 916 915 vis,
946 876 1032 904 non
1058 866 1245 904 moror.'’
1274 865 1438 903 Thraso
1466 865 1572 904 haec
1598 874 1712 903 nunc

137 942 326 991 loquitur
381 942 424 980 in
482 942 754 981 editionibus
805 941 972 991 Quanto
1018 942 1272 990 prudentius
1320 941 1472 980 Thaidi
1520 940 1592 979 illa
1639 941 1712 979 dat

136 1018 327 1058 Daceria.
369 1018 543 1058 Etenim
578 1019 627 1057 ut
658 1018 866 1057 Thaidem
899 1018 952 1057 ad
985 1028 1164 1057 coenam
1196 1028 1346 1057 secum
1378 1018 1552 1057 duceret
1584 1017 1711 1055 miles

135 1095 278 1135 venit:
307 1095 381 1134 illa
411 1105 525 1134 nunc
556 1105 603 1134 se
634 1095 833 1143 paratam
866 1105 962 1133 esse
994 1094 1195 1133 declarat.

195 1170 278 1211 Hic
318 1181 375 1215 ex
416 1170 573 1220 angulo
610 1181 688 1210 suo
721 1170 862 1219 prodit
893 1171 1106 1209 Parmeno
1139 1170 1432 1218 Thaidemque
1464 1169 1707 1217 alloquitur.

136 1246 214 1287 Oui
254 1247 330 1287 illa
371 1250 449 1293 (vs.
493 1247 618 1293 462):
666 1247 828 1296 „Ehem
870 1247 1095 1296 Parmeno,
1139 1247 1247 1285 bene
1288 1246 1473 1285 fecisti.'’
1517 1245 1710 1284 Annotat

136 1323 399 1363 Scholiasta:
426 1322 566 1372 „Quid
591 1323 700 1362 bene
726 1322 829 1362 fecit
855 1323 1080 1372 Parmeno,
1110 1333 1166 1361 an
1188 1322 1310 1371 quasi
1332 1321 1582 1370 perturbata
1603 1321 1710 1359 haec

135 1400 335 1450 loquitur,
365 1399 499 1439 etiarn
526 1400 577 1439 de
604 1399 737 1438 nihilo
764 1399 1000 1448 blandiens,
1031 1399 1179 1448 utpote
1206 1398 1416 1437 meretrix
1443 1399 1486 1436 et
1507 1397 1648 1436 faceta
1658 1395 1708 1435 ‘.>‘’

134 1475 260 1516 Haud
291 1474 429 1515 male:
462 1475 603 1515 nescit
634 1475 751 1514 enirn
778 1475 910 1514 Thais
937 1475 1038 1524 quid
1065 1475 1191 1524 dicat,
1221 1485 1322 1523 ergo
1349 1474 1510 1523 profert
1537 1473 1707 1522 aliquod

133 1553 299 1592 dictum
341 1553 555 1592 urbanum
588 1553 698 1601 quod
730 1551 897 1591 nullam
928 1552 1020 1590 vim
1053 1552 1222 1601 habeat,
1257 1552 1301 1590 et
1333 1550 1544 1590 eiusmodi
1577 1550 1705 1588 dicto-

132 1639 231 1669 rum
261 1620 438 1679 plenum
468 1629 600 1668 habet
630 1629 704 1667 illa
736 1629 986 1667 armarium.
1021 1627 1081 1667 Cf.
1115 1639 1154 1677 p.
1192 1629 1245 1667 10
1277 1628 1330 1667 ad
1362 1637 1426 1667 vs,
1461 1628 1530 1666 95.
1569 1622 1595 1671 ¹)

193 1705 323 1746 Abire
345 1715 445 1744 cum
462 1705 623 1744 Thaide
640 1705 902 1754 gestientem
920 1705 1132 1743 Parmeno
1150 1691 1382 1752 alloquitur
1399 1706 1477 1749 (vs.
1498 1704 1583 1742 466
1601 1705 1679 1751 sq.)
1696 1714 1704 1741 :

343 1782 509 1832 Quaeso
540 1781 683 1821 hercle
715 1783 764 1821 ut
795 1782 935 1831 liceat,
970 1791 1074 1830 pace
1107 1781 1217 1829 quod
1249 1780 1326 1819 fiat
1357 1781 1445 1830 tua,

322 1857 453 1897 'Dare
484 1857 584 1897 huic
615 1868 724 1906 quae
755 1857 971 1907 volumus,
1007 1857 1234 1896 convenire
1267 1858 1310 1896 et
1337 1855 1545 1904 conloqui.

133 1933 340 1984 Displicet
381 1934 483 1974 hoc:
527 1935 617 1973 tres
659 1933 862 1972 infinitivi
905 1935 948 1973 et
990 1934 1043 1973 et
1079 1934 1233 1973 ultimo
1266 1933 1474 1972 additum.
1509 1932 1591 1971 Sed
1624 1942 1706 1980 quo

133 2011 261 2050 modo
302 2010 460 2049 vitium
501 2011 654 2050 tollam
696 2011 853 2050 nescio.
897 2010 990 2049 Non
1033 2011 1176 2059 inepte
1219 2010 1462 2049 Scholiasta
1503 2010 1705 2048 annotat:

137 2087 226 2136 „sic
265 2087 632 2136 pronuntiandum
674 2088 742 2126 est
781 2088 831 2126 ut
873 2087 996 2135 quasi
1039 2087 1175 2126 dicat:
1210 2087 1338 2126 liceat
1369 2093 1443 2135 per
1476 2087 1530 2135 te,
1565 2085 1704 2135 miles,

105 2163 244 2212 quod
286 2163 420 2202 etiam
462 2163 574 2202 inter
615 2163 764 2202 hostes
807 2164 850 2202 et
892 2163 935 2201 in
978 2163 1087 2202 bello
1130 2163 1273 2202 licet.’'
1317 2162 1442 2202 Certe
1479 2162 1632 2201 acerba
1664 2162 1707 2200 in

133 2239 417 2279 Parmenonis
448 2239 592 2278 verbis
624 2239 738 2278 inest
769 2239 939 2279 derisio.

193 2314 304 2355 Tum
336 2315 464 2354 miles
497 2317 576 2361 (vs.
610 2316 735 2361 468):

412 2392 673 2441 Perpulchra
705 2392 829 2431 credo
861 2392 972 2431 dona
1004 2393 1080 2431 aut
1111 2393 1248 2431 nostri
1280 2392 1442 2430 similia

194 2467 248 2506 Et
287 2467 523 2507 Parmeno:
571 2468 682 2517 „Res
724 2468 972 2507 indicabit.”
1016 2468 1127 2507 Tum
1169 2468 1322 2507 statim
1364 2468 1417 2507 ad
1454 2478 1528 2507 eos
1559 2467 1632 2515 qui
1664 2467 1708 2505 in

135 2542 298 2583 domini
329 2544 432 2582 sunt
462 2543 661 2583 aedibus:

820 2620 952 2669 Heus,
988 2619 1130 2659 iubete
1163 2620 1271 2659 istos
1303 2620 1418 2658 foras

493 2696 634 2746 Exire,
669 2706 775 2744 quos
808 2696 928 2746 iussi,
964 2696 1094 2735 ocius.

173 2890 200 2923 ι)
220 2887 273 2917 Ad
301 2887 446 2917 similem
474 2888 582 2917 locum
614 2889 758 2924 (Phorm.
779 2891 860 2925 1005)
882 2890 1070 2919 Scholiasta
1090 2891 1243 2919 annotat:
1266 2889 1495 2926 „Femmarum
1517 2890 1623 2919 oratio
1643 2890 1709 2920 etsi

133 2946 203 2970 non
221 2939 391 2970 blanditur
409 2939 530 2969 blanda
550 2941 630 2971 est.’'
