2002 3464
933 388 1012 426 141

389 515 472 555 Hic
501 523 615 554 nunc
646 524 732 553 non
765 513 933 553 dubitat
960 513 1063 562 quin
1088 514 1132 552 te
1160 513 1392 551 ducturum
1420 521 1575 560 neges:

388 591 518 631 Venit
548 589 786 629 meditatus
818 590 1015 629 alicunde
1047 600 1103 628 ex
1134 589 1225 628 solo
1258 589 1364 628 loco.

180 667 249 707 Ad
281 667 442 707 venit
470 666 786 706 meditatus
818 666 1084 706 alicunde
1116 667 1371 705 annotatur:
1409 664 1588 715 „Terror
1619 663 1755 703 obiur-

180 744 323 793 gaturi
362 742 500 793 patris
539 742 727 782 hortatio
770 744 837 781 est
879 743 932 782 ad
964 742 1306 791 promittendum
1337 741 1614 790 Pamphilum
1647 740 1758 788 quod

180 819 393 860 iubetur.”
421 818 630 868 Corrupta
658 819 765 857 haec
792 829 930 867 neque
957 819 1147 858 multum
1170 817 1420 867 proficimus
1436 818 1558 857 varia
1574 816 1758 856 lectione

179 895 473 947 Pamphilo
535 898 624 945 (pro
685 896 1060 945 Pamphilum)
1123 905 1232 943 quae
1289 895 1356 934 est
1413 895 1457 933 in
1514 893 1757 933 Klotziana.

181 974 344 1014 Sensus
388 974 537 1013 tamen
579 972 844 1021 perspicuus.
889 972 1062 1012 Etenim
1095 972 1296 1011 dicendo:
1335 972 1491 1021 „Venit
1521 971 1759 1010 meditatus

180 1037 376 1090 alicunde
422 1059 479 1088 ex
519 1048 611 1088 solo
653 1048 774 1088 loco”
819 1049 987 1097 aliaque
1031 1049 1076 1088 in
1109 1049 1290 1088 eandem
1333 1048 1597 1087 sententiam
1630 1047 1760 1086 efficit

178 1125 327 1165 Davus
381 1126 431 1165 ut
481 1123 569 1164 filio
621 1125 768 1164 futura
814 1125 888 1164 illa
934 1125 1174 1174 obiurgatio
1221 1135 1353 1173 quam
1399 1124 1594 1163 maxime
1639 1122 1759 1162 terri-

178 1200 278 1250 bilis
333 1201 554 1240 videatur:
613 1201 657 1240 et
713 1202 876 1240 terrore
933 1211 1041 1250 opus
1098 1201 1165 1240 est
1216 1202 1265 1239 ut
1310 1201 1459 1239 sedulo
1506 1199 1761 1248 Pamphilus

179 1276 374 1327 partibus
419 1277 625 1326 fungatur
671 1276 753 1315 sibi
801 1287 826 1315 a
872 1287 998 1315 servo
1046 1276 1287 1325 impositis:
1333 1287 1415 1325 quo
1458 1276 1575 1315 enim
1617 1276 1760 1315 maius

180 1349 316 1393 instat
360 1353 612 1403 periculum,
664 1363 714 1392 eo
762 1352 1011 1402 diligentius
1058 1354 1227 1402 patrem
1274 1353 1519 1391 simulando
1567 1353 1761 1401 decipere

182 1429 408 1470 conabitur
437 1428 566 1469 filius.

239 1582 294 1633 ΙΙ,
329 1583 368 1633 5,
416 1583 453 1622 1.
501 1582 577 1632 „In
618 1582 699 1621 hac
741 1592 870 1621 scena
903 1582 1088 1630 quatuor
1118 1592 1327 1631 personae
1359 1582 1453 1620 sine
1486 1581 1762 1630 inplicatione

167 1651 428 1698 'intellectus
469 1658 745 1706 loquuntur.”
789 1657 983 1697 Ridicule
1026 1658 1141 1697 dicta
1182 1658 1289 1697 haec
1330 1659 1406 1697 sed
1438 1668 1524 1697 non
1555 1659 1759 1707 obscura3

181 1734 304 1774 sine
346 1734 748 1784 implicatione
790 1733 1137 1772 intellectus
1180 1735 1269 1773 est:
1318 1734 1406 1784 „ita
1437 1735 1486 1773 ut
1518 1734 1628 1773 alter
1659 1734 1760 1773 alte-

181 1821 280 1850 rum
310 1808 398 1850 non
429 1809 688 1859 intelligat.”

241 1963 296 2013 Π,
340 1964 380 2013 6,
424 1964 464 2002 3.
512 1962 683 2001 Davum
731 1962 874 2001 solum
915 1963 1136 2001 astantem
1179 1964 1221 2001 et
1263 1973 1413 2002 secum
1446 1964 1762 2012 colloquentem

182 2039 395 2088 quaedam
451 2049 587 2078 senex
643 2038 942 2087 suspicionum
994 2038 1147 2087 plenus
1194 2040 1341 2087 rogat:
1392 2039 1528 2089 Quid
1575 2039 1762 2079 Davus

182 2115 402 2155 narrat?
422 2115 669 2164 Respondet
690 2114 784 2153 ille:
812 2114 1000 2163 Aeque
1028 2115 1327 2163 quicquam
1354 2126 1498 2154 nunc
1524 2116 1761 2164 quidem.

183 2191 302 2232 Haec
333 2201 462 2231 nemo
492 2201 685 2239 unquam
718 2190 946 2241 intellexit,
982 2191 1028 2229 at
1059 2190 1300 2240 intelligere
1327 2192 1410 2230 sibi
1437 2192 1608 2231 videtur
1636 2193 1762 2231 Scho-

183 2267 335 2316 liasta;
378 2269 560 2307 annotat
600 2268 740 2306 enim:
783 2267 917 2316 „bene
960 2277 1103 2306 nunc
1135 2268 1381 2316 quidem:
1416 2262 1619 2308 similiter
1650 2279 1764 2308 nunc

183 2343 304 2394 nihil,
351 2346 402 2384 ut
446 2344 573 2394 paulo
621 2345 733 2393 ante,
783 2354 882 2383 cum
925 2344 1058 2383 dixit:
1103 2344 1155 2383 id
1196 2345 1438 2393 populus
1471 2346 1633 2384 curat
1664 2345 1761 2384 sci-

184 2419 366 2460 licet.”
400 2421 500 2470 Ipsa
531 2431 698 2470 quoque
730 2421 953 2460 annotatio
986 2421 1095 2460 satis
1122 2421 1316 2471 obscura,
1346 2422 1492 2470 itaque
1518 2422 1763 2461 illustrandi

185 2509 317 2539 causa
331 2510 486 2539 moneo
509 2500 790 2538 similiter
816 2510 912 2538 esse
930 2499 1331 2548 interpretationem
1351 2499 1541 2538 adverbii
1565 2510 1762 2549 aeque;

185 2577 229 2614 et
270 2575 567 2624 quicquam
611 2575 878 2615 Scholiastae
921 2575 1056 2615 videri
1094 2576 1210 2615 idem
1242 2576 1353 2624 quod
1385 2576 1544 2615 nihil.
1578 2577 1632 2615 Et
1664 2577 1763 2625 quid

186 2652 258 2691 illo
291 2662 464 2700 aeque
497 2653 537 2698 (i.
567 2663 602 2691 e.
638 2652 853 2698 similiter)
890 2652 993 2691 velit
1024 2652 1171 2691 Davus
1204 2653 1265 2691 ita
1292 2653 1470 2701 exponit
1497 2653 1761 2692 Scholiasta:

189 2729 362 2779 „Davus
408 2729 512 2768 dicit
557 2729 664 2768 nihil
710 2740 850 2779 narro⁷
900 2729 1103 2768 similiter
1144 2740 1257 2769 nunc
1300 2731 1348 2769 ut
1380 2730 1496 2779 olim,
1531 2741 1635 2769 nam
1667 2732 1763 2769 tum

185 2815 353 2854 quoque
401 2805 555 2844 istud
602 2805 854 2854 agebam:
904 2806 1099 2844 attentus
1143 2815 1264 2844 eram
1297 2806 1350 2844 ad
1382 2807 1425 2844 te
1457 2806 1762 2845 audiendum.”

186 2881 247 2920 De
289 2881 361 2920 illo
405 2882 552 2920 autem
584 2882 778 2930 tempore
811 2881 1054 2920 Scholiasta
1084 2883 1210 2930 putat
1241 2881 1411 2920 Davum
1444 2882 1632 2931 cogitare
1664 2893 1763 2921 cum

186 2967 335 2996 secum
369 2957 558 2996 dicebat:
596 2956 664 3006 „id
696 2957 877 3006 populus
909 2959 1031 2997 curat
1062 2957 1255 3016 scilicet'’
1291 2957 1399 3003 (Act.
1434 2957 1464 3007 I,
1501 2958 1539 3007 2,
1576 2959 1657 3005 14).
