2002 3464
915 372 995 412 137

166 500 315 540 autem
356 500 662 550 argumentum
705 510 731 539 a
771 500 864 539 loco
900 499 1085 548 Byrrhia
1116 499 1316 539 dicendo:
1351 501 1492 549 apud
1533 501 1737 551 forum,

166 586 192 615 a
231 586 416 627 persona
451 563 628 616 dicendo
661 587 684 615 e
715 575 886 626 Davo,
921 586 946 615 a
978 577 1172 625 tempore
1204 576 1382 616 dicendo
1413 577 1594 627 modo,
1629 577 1739 626 quod

165 663 266 703 ergo
298 654 343 693 in
373 653 581 693 lemmate
612 653 761 702 utique
792 653 1039 703 ponendum
1072 659 1151 692 est.

225 730 265 770 5.
388 729 554 779 Quaeso
596 729 756 779 edepol,
801 728 997 779 Charine,
1041 729 1245 778 quoniam
1282 740 1368 769 non
1399 730 1544 779 potest
1574 729 1616 769 id
1647 729 1740 769 fieri

1455 806 1582 854 [quod
1613 806 1681 844 vis

385 881 434 922 Id
464 881 575 921 velis
606 882 718 930 quod
750 881 900 930 possit.

162 958 260 1003 Sch.
303 957 571 1008 Quoniam
613 968 719 997 non
760 959 967 1007 potest]
1017 943 1290 1008 „Consolatio
1332 959 1385 998 ad
1427 959 1469 998 id
1506 959 1617 1007 quod
1649 958 1742 999 fieri

161 1043 248 1074 non
282 1034 428 1084 potest
457 1034 688 1074 suadenS.’'
723 1034 841 1084 Mira,
876 1034 1030 1085 hercle,
1067 1035 1315 1085 consolatio,
1351 1045 1435 1083 qua
1467 1035 1563 1083 quis
1597 1035 1737 1074 admo-

159 1111 288 1150 netur
327 1111 378 1151 ut
417 1111 460 1150 id
500 1111 633 1150 faciat
674 1112 785 1160 quod
827 1121 956 1150 nemo
996 1121 1189 1160 unquam
1220 1112 1362 1160 potuit
1392 1112 1619 1161 poteritve.
1654 1112 1742 1151 Aut

132 1175 134 1177 ¹
159 1187 258 1229 tota
284 1187 508 1228 annotatio
539 1187 744 1226 mutilata
776 1188 843 1226 est
876 1197 976 1227 cum
1009 1188 1178 1237 integra
1204 1188 1356 1227 fuerit:
1388 1188 1661 1238 „Consolatio
1689 1190 1741 1229 ab

160 1273 212 1308 eo
242 1263 355 1313 quod
385 1261 479 1303 fleri
509 1273 596 1303 non
627 1264 772 1313 potest
805 1264 858 1303 ad
891 1264 933 1302 id
966 1264 1078 1312 quod
1110 1263 1204 1303 fieri
1235 1266 1379 1313 potest
1405 1266 1636 1316 suadens,”
1666 1267 1742 1305 aut

159 1349 247 1381 una
285 1349 374 1379 vox
413 1349 522 1379 non
562 1341 630 1379 est
672 1340 904 1379 eximenda
941 1342 1012 1380 ut:
1050 1341 1314 1391 „consolatio
1347 1342 1400 1380 ad
1431 1343 1474 1381 id
1507 1343 1618 1391 quod
1649 1341 1741 1382 fieri

158 1417 303 1467 potest
343 1417 559 1456 suadens”
603 1417 741 1456 nimia
782 1418 970 1466 quadam
1011 1417 1226 1457 brevitate
1269 1419 1436 1458 dicatur
1476 1430 1575 1468 pro:
1619 1430 1740 1469 „oon-

158 1494 314 1534 solatio
355 1504 440 1543 qua
482 1493 694 1534 Charinus
736 1496 939 1534 monetur
980 1496 1029 1534 ut
1071 1496 1301 1535 contentus
1333 1496 1392 1535 sit
1424 1507 1473 1536 eo
1506 1497 1618 1545 quod
1648 1496 1741 1536 fieri

147 1570 309 1625 possit,
352 1581 463 1611 neve
495 1570 640 1620 cupiat
672 1571 713 1611 id
746 1572 858 1620 quod
890 1570 983 1611 fieri
1015 1582 1101 1611 non
1132 1573 1313 1622 possit.’'
1348 1573 1430 1612 Sed
1462 1573 1567 1612 illud
1599 1573 1741 1623 magis

157 1637 330 1688 arridet.
373 1647 604 1688 Klotziana
646 1649 795 1688 autem
835 1650 934 1698 post
975 1650 1223 1688 suadens
1265 1650 1399 1689 etiam
1431 1650 1562 1689 habet
1594 1650 1645 1689 id
1682 1651 1742 1689 ut

156 1723 308 1765 velis
329 1724 471 1773 quod
492 1724 701 1775 possit,
722 1735 831 1773 quae
848 1725 1016 1765 inutilis
1033 1726 1101 1765 est
1117 1726 1316 1775 repetitio
1327 1727 1481 1775 poetae
1492 1727 1736 1766 verborum.

220 1801 288 1840 19.
331 1800 599 1851 Salutem,
646 1801 944 1851 auxilium,
979 1801 1290 1841 consilium
1322 1804 1615 1851 expetens]
1654 1804 1741 1853 „Ut

156 1877 202 1916 in
246 1876 528 1927 petitionibus
569 1876 661 1917 fleri
704 1878 826 1927 solet,
870 1873 1128 1917 beneficium
1170 1880 1323 1928 petens
1364 1879 1503 1918 utitur
1545 1879 1740 1928 partibus

156 1952 507 1993 deliberativae.’'
542 1954 705 1994 Sensus
736 1954 989 2003 perspicuus
1021 1955 1089 1994 est
1116 1956 1159 1994 et
1186 1955 1384 2003 sequenti
1413 1955 1576 1995 scholio
1604 1955 1739 1995 etiam

155 2028 411 2069 illustratur.
444 2029 522 2069 Est
553 2031 702 2069 autem
733 2030 1056 2070 huiuscemodi:
1094 2030 1385 2081 „Beneficium
1418 2032 1536 2081 eupit
1563 2043 1735 2082 exspec-

154 2106 318 2157 tatque,
360 2106 436 2146 sed
478 2106 540 2146 ita
580 2106 769 2155 loquitur
812 2108 1041 2156 tamquam
1082 2108 1121 2146 si
1164 2108 1394 2148 consilium
1432 2110 1737 2150 tantummodo

154 2183 318 2232 petat.”
351 2183 434 2230 (Ita
464 2183 690 2223 mendicus
722 2184 882 2233 stipem
914 2185 1089 2233 petens:
1128 2185 1256 2234 „quid
1288 2187 1445 2234 agam'’
1476 2186 1549 2244 ait,
1583 2197 1739 2236 „aegra

155 2259 222 2299 est
263 2269 386 2310 uxor,
418 2259 542 2299 liberi
571 2260 689 2299 fame
720 2260 879 2308 sitique
912 2261 1179 2311 torquentur,
1214 2262 1306 2310 ipse
1339 2272 1446 2311 opus
1477 2262 1619 2302 facere
1651 2274 1738 2303 non

154 2335 336 2382 valeo.”)
378 2335 541 2375 Verum
583 2336 910 2376 substantivum
953 2337 1347 2378 deliberativa
1378 2350 1571 2388 unquam
1602 2339 1738 2379 fuisse

154 2411 199 2451 in
230 2422 376 2452 rerum
408 2413 564 2457 natura
594 2423 680 2452 non
713 2414 851 2453 oredo.
883 2414 1115 2454 Klotziana
1142 2415 1555 2455 deliberativis
1582 2416 1735 2464 habet;

156 2487 356 2537 equidem
387 2488 772 2529 deliberantis
803 2501 1006 2539 propono.

212 2564 279 2604 Ad
319 2574 385 2604 vs.
430 2565 499 2605 28.
541 2565 649 2605 tibi
691 2567 925 2616 nuptiae
970 2568 1071 2607 hae
1113 2570 1246 2608 sunt
1289 2569 1444 2608 cordi
1478 2570 1734 2609 annotatur<

154 2638 333 2687 Cordi]
386 2641 559 2691 „animo
605 2643 773 2682 acute.”
822 2642 911 2682 Aut
958 2643 1076 2683 enim
1123 2644 1187 2684 sie
1234 2644 1374 2684 editur
1421 2646 1497 2684 aut
1544 2646 1735 2685 animo

153 2718 332 2757 acuto.
371 2716 616 2766 Utrumque
648 2718 856 2768 ineptum.
892 2719 1152 2769 corruptum
1184 2721 1380 2761 scholion
1411 2723 1566 2761 natum
1598 2722 1733 2771 suspi-

152 2803 225 2833 cor
255 2803 313 2833 ex
343 2794 622 2833 annotatione
655 2805 763 2843 quae
796 2796 968 2836 doceret
999 2796 1208 2836 vocabulo
1241 2807 1333 2836 cor
1365 2797 1599 2847 significari
1627 2796 1753 2838 ani-'

150 2879 296 2909 mum
338 2870 382 2909 et
421 2880 497 2918 pro
539 2871 694 2910 cordi
736 2873 824 2911 est
866 2873 1001 2912 etiam
1043 2873 1126 2912 diei
1169 2883 1335 2912 curae
1379 2875 1466 2913 est
1508 2874 1583 2920 (sic
1621 2874 1732 2914 fere:

152 2945 307 2987 cordi
341 2945 394 2996 „i.
414 2956 449 2986 e.
484 2945 653 2997 animo;
686 2948 843 2988 cordi
874 2948 1030 2990 dicitur
1063 2951 1106 2995 et
1138 2951 1362 2996 ourae”).
