2002 3464
939 359 992 398 67

179 487 326 527 nescia
371 487 460 526 iam
506 497 532 526 a
578 485 739 524 Thaide
786 486 1063 534 conspectum
1106 484 1356 534 Chaeream,
1401 483 1494 523 sive
1535 483 1752 522 intellexit

179 574 256 604 cur
301 564 376 604 illa
421 562 686 611 clamaverit,
735 562 885 601 tamen
931 561 1073 610 aliquo
1115 561 1243 600 modo
1285 559 1528 609 significare
1569 559 1752 598 debebat

179 640 416 681 Chaeream
447 650 544 680 esse
574 639 699 678 illum
731 639 803 687 qui
835 638 964 677 herae
996 638 1330 677 admirationem
1362 637 1560 676 moverit.

734 1037 879 1076 Ac'rus
910 1035 948 1074 V
981 1036 1126 1075 ScENA
1160 1037 1199 1076 2.

236 1179 416 1221 Accedit
456 1180 647 1221 Chaerea
682 1179 963 1219 stomachans
995 1179 1107 1228 quod
1139 1189 1311 1228 semper
1343 1179 1482 1218 adhuc
1512 1178 1754 1228 prohibitus

177 1258 239 1298 sit·
272 1259 444 1298 mutare
474 1259 658 1297 vestem.
691 1257 776 1296 Ubi
807 1256 971 1296 Thaida
1003 1255 1213 1304 conspicit
1244 1256 1332 1294 iam
1364 1255 1539 1304 propius
1571 1255 1755 1294 accessit

177 1345 309 1384 quam
351 1335 400 1374 ut
440 1334 587 1383 fugere
628 1333 778 1383 possit.
822 1333 1052 1381 Primoque
1090 1342 1191 1371 eum
1224 1342 1323 1371 cum
1356 1332 1510 1371 acerba
1541 1332 1754 1370 derisione

178 1410 411 1460 alloquitur
441 1410 573 1450 Thais
604 1411 832 1458 tamquam
863 1409 1025 1448 Dorum
1059 1409 1306 1448 eunuchum
1334 1418 1620 1457 servumque3
1649 1419 1755 1447 mox

178 1487 425 1537 intelligens
455 1487 572 1526 facta
602 1486 763 1526 infecta
794 1485 913 1525 reddi
944 1495 1030 1524 non
1061 1495 1188 1534 posse
1219 1485 1331 1524 serio
1365 1495 1464 1524 cum
1497 1484 1569 1524 illo
1601 1485 1753 1524 delibe-

178 1573 273 1604 rare
320 1563 471 1613 incipit
511 1573 595 1612 quo
642 1563 770 1603 modo
813 1573 882 1602 res
925 1562 977 1601 ad
1018 1562 1181 1601 bonum
1213 1562 1352 1610 possit
1383 1561 1536 1601 adduci
1570 1562 1751 1601 exitum.

177 1639 337 1680 Contra
366 1639 550 1689 Pythias
580 1649 835 1679 succensere
868 1639 906 1677 ei
939 1638 1079 1687 pergit
1110 1648 1248 1687 neque
1279 1639 1373 1677 tam
1404 1638 1530 1677 facile
1563 1637 1752 1686 indigna-

95 1726 99 1733 ·
176 1715 342 1755 tionem
369 1717 559 1764 coercet;
588 1715 842 1765 egregieque
870 1714 934 1753 ira
961 1714 1053 1753 eius
1080 1714 1250 1763 depicta
1276 1715 1344 1753 est
1361 1714 1455 1753 ideo
1472 1714 1542 1753 vel
1558 1714 1754 1753 maxime

177 1792 474 1832 succensentis
520 1792 726 1831 simulato
774 1791 836 1830 illi
880 1791 1006 1841 Doro,
1050 1791 1162 1839 quod
1205 1791 1298 1830 eius
1340 1791 1465 1839 culpa
1507 1791 1601 1839 ipsa
1643 1790 1754 1839 apud

177 1869 401 1909 dominam
438 1869 678 1919 periculum
710 1868 828 1908 adiit.
863 1868 1012 1917 Igitur,
1046 1867 1119 1906 ubi
1151 1853 1353 1917 Chaerea,
1387 1867 1488 1906 Dori
1521 1867 1754 1906 etiamtum

176 1946 323 1995 partes
369 1955 515 1995 agens,
559 1944 711 1984 Thaidi
752 1944 944 1993 roganti:
993 1943 1298 1993 „Virginemne
1340 1944 1388 1982 tu
1426 1944 1565 1982 civem
1598 1943 1754 1982 vitiare

177 2031 311 2071 ausus
337 2032 384 2061 es
395 2023 444 2061 ?”
473 2021 716 2071 respondit:
749 2031 1031 2070 „conservam
1058 2030 1155 2060 esse
1183 2020 1385 2070 credidi,”
1413 2020 1505 2059 iure
1523 2020 1597 2059 illa
1614 2020 1752 2059 excla-

178 2098 275 2137 mat
306 2097 407 2144 (859
439 2100 543 2147 sq.):

355 2173 652 2214 Conservam?
683 2174 760 2212 vix
791 2184 863 2213 me
896 2173 1094 2212 contineo
1126 2173 1229 2221 quin
1260 2173 1450 2212 involem

355 2250 546 2291 Monstro
578 2251 623 2289 in
655 2250 882 2300 capillum:
917 2250 1051 2289 etiam
1082 2249 1196 2289 ultro
1228 2250 1420 2288 derisum
1453 2249 1641 2288 advenit.

177 2327 340 2368 Ultro
381 2326 556 2377 optime,
594 2327 695 2375 quia
725 2326 820 2375 ipsa
850 2326 1031 2375 Pythias
1063 2326 1132 2365 est
1162 2325 1206 2364 in
1239 2336 1547 2365 conservarum
1579 2326 1752 2365 illarum

178 2412 371 2443 numero.
403 2403 582 2452 Egregie
613 2403 720 2442 haec
751 2403 898 2442 omnia
930 2402 1173 2442 Scholiasta
1203 2402 1432 2441 intellexit.

237 2478 297 2518 At
322 2478 474 2518 Thaidi
499 2479 588 2518 iam
614 2479 842 2528 prudentia
868 2479 1098 2518 emendare
1126 2478 1315 2527 cupienti
1338 2488 1446 2527 quae
1464 2477 1755 2527 imprudentia

178 2555 405 2604 deliquerit
435 2554 749 2594 molestissima
781 2556 848 2594 est
876 2554 954 2593 illa
980 2554 1161 2594 ancillae
1189 2554 1422 2593 iracundia.
1450 2554 1563 2593 Hinc
1590 2543 1759 2593 dictum

178 2631 284 2671 illud
325 2631 418 2671 eius
459 2632 513 2671 ad
553 2631 811 2681 Pythiadem
850 2634 927 2678 (vs.
963 2631 1087 2677 861):
1125 2631 1263 2680 „Abin
1294 2631 1395 2670 hinc
1426 2630 1580 2669 insana
1591 2630 1639 2668 ‘?’'
1674 2630 1754 2668 Illa

178 2717 280 2747 vero
314 2707 543 2754 (861—3):
1593 2711 1596 2714 ’

911 2782 1018 2833 Quid
1051 2783 1144 2822 ita?
1176 2782 1288 2822 Vero
1320 2782 1513 2830 debeam,
1580 2802 1583 2804 —

418 2858 564 2908 Cred0‚
598 2858 671 2898 isti
703 2859 933 2908 quicquam
965 2858 1178 2909 furcifero,
1212 2859 1250 2897 si
1284 2858 1326 2897 id
1356 2858 1557 2897 fecerim:

417 2934 678 2974 Praesertim
711 2945 841 2983 quom
873 2946 920 2974 se
953 2943 1126 2974 servom
1159 2934 1348 2974 fateatur
1380 2935 1518 2973 tuum.
