2002 3464
1020 402 1102 441 222

279 535 492 573 nusquam
535 526 681 573 patere
721 525 868 564 rimas.
912 526 993 564 Sed
1034 537 1116 574 quo
1158 528 1298 576 magis
1331 530 1533 577 appareat
1563 531 1750 578 quantus
1780 531 1839 571 sit

280 600 435 638 artifex
478 601 715 650 Terentius,
755 611 970 649 quamque
1001 602 1163 650 peritus
1195 604 1300 642 artis
1332 605 1538 654 scenicae,
1572 606 1837 646 Andriam

280 675 372 713 eius
414 686 512 714 cum
545 676 763 714 Menandri
796 677 1048 724 cognomine
1079 678 1223 716 fabula
1254 680 1530 728 comparabo:
1563 680 1626 719 sic
1657 681 1838 721 elucebit

279 751 439 797 quanto
495 751 569 789 illa
624 751 724 790 huic
768 753 970 800 praestet.
1018 753 1269 792 Versabitur
1315 755 1547 803 disputatio
1594 755 1637 794 in
1682 756 1839 806 duplici

279 828 546 874 argumento.

338 899 378 942 Ι.
413 902 534 940 Sosia
576 912 748 951 coquus,
794 903 981 941 Simonis
1012 904 1203 953 libertus,
1238 915 1263 943 a
1293 905 1491 945 Terentio
1525 908 1591 945 est
1623 906 1836 947 inventus.

337 976 406 1018 ΙΙ.
440 977 649 1017 Charinus
680 979 915 1027 Byrriaque
948 990 972 1018 a
1004 980 1201 1020 Terentio
1234 982 1378 1021 additi.
1411 982 1568 1021 Utrum
1596 983 1647 1021 ab
1675 992 1724 1021 eo
1750 982 1839 1022 sint

278 1051 442 1090 inventi
490 1063 544 1091 an
592 1064 647 1092 ex
688 1054 773 1092 alia
813 1055 1012 1094 translati
1048 1056 1193 1095 sabula
1224 1057 1283 1095 nil
1315 1058 1456 1107 refert,
1490 1059 1565 1097 sed
1597 1057 1700 1096 illud
1730 1058 1837 1097 veri-

277 1127 476 1167 similius.
1139 1134 1142 1139 '

337 1203 556 1241 Menandri
602 1204 764 1243 Andria
811 1215 835 1243 a
881 1205 1105 1253 soliloquio
1147 1207 1320 1256 orditur,
1365 1207 1409 1246 in
1440 1208 1684 1248 Perinthiae
1715 1203 1848 1248 initio·

278 1278 535 1326 colloquium
564 1280 631 1317 est
657 1279 774 1318 senis
800 1281 1053 1328 uxorisque:
1084 1292 1182 1329 ergo
1210 1282 1331 1330 coqui
1358 1293 1586 1330 personam
1613 1283 1838 1323 Terentius

276 1352 403 1392 finxit
451 1355 494 1391 et
539 1364 624 1392 non
671 1355 812 1392 solum
858 1355 1000 1404 verba,
1051 1355 1204 1403 quibus
1250 1357 1341 1404 ipse
1387 1357 1534 1407 utitur,
1583 1359 1658 1397 sed
1704 1359 1836 1399 etiam

276 1428 429 1476 quibus
472 1439 571 1467 eum
613 1430 838 1477 tamquam
878 1430 1082 1469 libertum
1124 1431 1353 1479 alloquitur
1393 1443 1539 1482 seneX‚
1583 1443 1608 1472 a
1639 1433 1841 1473 Terentio-

277 1504 378 1542 sunt
409 1514 495 1542 non
527 1515 549 1542 e
583 1504 742 1543 Graeco
771 1506 1008 1554 exemplari
1036 1506 1176 1554 aliquo
1203 1507 1330 1546 modo
1357 1508 1569 1547 translata
1594 1509 1668 1547 sed
1699 1519 1837 1559 „nova

276 1579 432 1617 facta.'’
480 1579 621 1627 Atque
666 1579 772 1618 haec
818 1581 990 1628 quidem
1031 1591 1112 1630 res,
1156 1581 1257 1620 licet
1297 1583 1431 1621 totius
1462 1583 1630 1622 fabulae
1662 1593 1834 1623 oecono-

276 1654 412 1692 miam
468 1665 553 1693 non
609 1656 771 1704 tangat,
829 1657 977 1694 tamen
1028 1656 1109 1695 toti
1160 1657 1431 1705 splendidum
1477 1659 1672 1707 praebuit
1717 1669 1834 1699 orna-

276 1730 496 1776 mentum3
554 1729 651 1767 inde
709 1730 824 1768 enim
880 1731 1068 1778 primum
1126 1733 1270 1770 actum
1328 1734 1456 1771 nacta
1508 1734 1587 1783 est,
1646 1744 1729 1782 quo
1775 1733 1836 1773 nil

277 1805 454 1853 cogitari
500 1805 726 1844 venustius
767 1806 916 1854 possit.
959 1807 1098 1845 Nimis
1140 1817 1317 1846 severus
1359 1808 1403 1846 in
1443 1809 1722 1848 Menandrum
1763 1809 1833 1860 sit,

276 1881 348 1928 qui
403 1880 507 1918 illud
563 1881 607 1919 in
653 1882 815 1920 Andria
861 1882 1135 1930 soliloquium
1179 1893 1277 1921 cum
1319 1883 1399 1922 hoc
1441 1883 1695 1923 Terentiano
1736 1885 1836 1924 actu

277 1957 517 2004 comparet;
561 1957 636 1995 sed
677 1968 730 1996 ne
773 1958 1031 2006 colloquium
1064 1959 1236 2006 quidem
1269 1959 1513 1998 Perinthiae
1545 1970 1694 1999 senem
1724 1961 1836 2019 inter

277 2041 540 2078 uxoremque
586 2033 678 2070 tam
726 2033 947 2081 egregium
993 2032 1127 2072 fuisse
1175 2034 1298 2072 credo
1340 2045 1470 2082 quam
1511 2035 1615 2074 illud
1647 2035 1835 2074 Simonis

275 2105 513 2154 libertique.
558 2106 675 2156 Quod
718 2107 834 2146 enim
865 2108 909 2146 in
941 2118 1018 2147 suo
1049 2119 1203 2157 genere
1234 2109 1470 2157 perfectum
1504 2112 1570 2149 est
1595 2120 1681 2149 non
1710 2111 1834 2150 facile

277 2181 436 2229 aliquid
483 2192 537 2220 ex
584 2183 734 2221 eodem
780 2194 934 2231 genere
981 2184 1062 2222 sibi
1107 2194 1184 2232 par
1226 2183 1427 2223 inveniet.
1471 2185 1524 2223 Et
1554 2195 1834 2233 personarum

276 2267 382 2304 quas
429 2257 540 2305 apud
586 2257 835 2296 Terentium
885 2258 1079 2296 videmus
1125 2258 1242 2296 nulla
1287 2259 1380 2297 tam
1427 2269 1481 2298 ex
1522 2259 1616 2308 ipsa
1645 2260 1738 2299 vita
1768 2261 1835 2299 est

277 2341 482 2380 expressa
513 2342 644 2380 quam
676 2333 750 2371 illa
781 2334 926 2381 coqui;
956 2333 1157 2381 quidquid
1184 2333 1254 2371 ille
1283 2334 1384 2372 dicit
1412 2328 1513 2384 ἦθος
1540 2335 1681 2385 habet,
1709 2335 1831 2385 vivit,

275 2407 422 2455 spirat.
466 2407 611 2455 Neque
649 2408 795 2446 minus
835 2408 967 2447 verba
1007 2408 1160 2456 quibus
1202 2419 1301 2447 eum
1343 2409 1573 2457 alloquitur
1613 2420 1748 2449 senex
1779 2420 1834 2449 ex

276 2481 420 2520 animo
447 2482 538 2520 eius
567 2484 609 2520 et
635 2484 805 2531 pectore
832 2485 934 2522 sunt
960 2483 1221 2532 deprompta.
1250 2484 1467 2523 Audacius
1494 2485 1652 2533 aliquid
1669 2473 1831 2524 dicam:

275 2566 367 2594 rem
409 2557 478 2604 agi
518 2556 639 2595 vides
680 2567 765 2596 non
806 2557 989 2596 Athenis
1031 2558 1105 2596 sed
1142 2557 1186 2595 in
1217 2558 1310 2606 ipsa
1341 2560 1444 2598 urbe
1476 2559 1640 2598 Roma:
1674 2561 1834 2609 scripta

274 2630 381 2669 haec
410 2633 512 2670 sunt
544 2642 569 2670 a
598 2633 736 2682 poeta,
771 2632 843 2680 qui
874 2643 982 2680 quae
1013 2633 1122 2671 ratio
1154 2633 1266 2671 inter
1291 2635 1522 2681 patronum
1547 2634 1832 2683 libertumque

274 2706 556 2745 intercederet
587 2707 751 2746 Romae
783 2707 982 2756 cognovit
1004 2704 1042 2753 ¹).
1078 2708 1158 2746 Sed
1191 2709 1480 2756 adspiciamus
1511 2710 1692 2759 singula.

312 2899 332 2931 ¹)
353 2898 426 2926 Non
442 2898 505 2926 hoc
517 2898 588 2926 dico
598 2899 732 2933 propter
742 2899 831 2927 senis
842 2899 943 2927 verba
955 2900 1016 2932 (vs.
1026 2899 1072 2931 40)
1085 2898 1190 2932 „haud
1202 2899 1296 2926 muto
1308 2899 1462 2935 faetum,”
1473 2899 1511 2928 de
1523 2900 1642 2934 quibus
1653 2906 1751 2934 quam
1761 2904 1829 2935 per-

277 2958 369 2979 verse
388 2951 489 2980 etiam
512 2958 598 2979 nunc
617 2951 764 2979 iudicent
783 2952 846 2979 viri
866 2952 952 2980 docti
973 2952 1007 2979 et
1026 2959 1124 2985 quam
1146 2951 1323 2985 prudenter
1343 2952 1527 2980 Scholiasta
1548 2953 1692 2980 vidimus
1710 2959 1739 2987 p.
1758 2952 1801 2979 86.
