2002 3464
1002 373 1082 415 108

258 497 480 535 obtestans
512 498 562 536 de
594 508 673 536 sua
704 498 880 537 miseria
911 499 1045 547 deque
1076 499 1152 539 filii
1183 501 1372 549 nequitia
1403 502 1678 542 lamentatur.
1711 502 1813 542 Con-

258 574 384 622 spicit
431 584 530 612 eum
575 574 708 613 frater
755 576 797 614 et
838 576 938 623 quid
970 577 1161 615 evenerit
1191 578 1342 616 statim
1373 578 1610 626 divinatur;
1644 577 1815 626 iamque

258 659 384 687 omne
431 649 759 688 maledictorum
805 661 940 698 genus
986 651 1057 690 ille
1103 652 1147 690 in
1188 652 1332 692 animo
1374 653 1555 702 collegit,
1590 653 1678 692 iam
1709 653 1816 693 haec

255 724 386 763 verba
417 724 663 764 acerbitatis
694 725 820 774 plena
851 736 999 765 secum
1032 726 1162 766 dixit:

429 784 434 788 ⁴
1118 802 1277 842 Eccum
1309 804 1431 842 adest

433 875 685 915 Communis
717 878 956 925 corruptela
986 879 1185 917 nostrum
1215 879 1409 928 liberum⁷

255 961 353 989 cum
380 952 626 1000 placaturus
652 952 785 990 frater
812 952 975 991 accedit
1001 953 1146 1001 iraque
1173 954 1461 993 insanientem
1482 954 1545 1000 sic
1561 954 1813 1003 alloquitur:

432 1027 622 1065 Tandem
654 1028 838 1076 reprime
869 1028 1135 1067 iracundiam
1167 1030 1295 1077 atque
1326 1030 1378 1068 ad
1409 1030 1452 1068 te
1483 1030 1585 1068 redi.

313 1103 394 1141 Hic
427 1103 521 1141 ille:

430 1179 632 1227 Repressi
662 1180 790 1218 redii:
824 1180 952 1219 mitto
983 1180 1215 1220 maledicta
1246 1182 1412 1220 omnia:

430 1255 539 1293 Rern
571 1255 711 1303 ipsam
742 1257 968 1304 putemus:
1002 1257 1165 1295 dictum
1196 1257 1277 1296 hoc
1308 1248 1528 1316 internos
1559 1258 1681 1296 fuit:¹

430 1330 495 1369 Ex
525 1332 568 1370 te
600 1332 705 1370 adeo
737 1333 804 1370 est
835 1333 990 1381 ortum,
1024 1342 1078 1370 ne
1109 1333 1157 1371 tu
1189 1343 1361 1371 curares
1392 1343 1552 1383 meum,

429 1407 546 1445 Neve
579 1418 656 1455 ego
687 1408 834 1446 tuum:
868 1408 1087 1456 responde.

251 1481 365 1520 Nihil
411 1482 565 1520 horum
611 1482 813 1531 intelligit
859 1483 930 1530 qui
974 1483 1183 1522 vocabula
1227 1484 1528 1523 tantummodo
1573 1484 1689 1534 legit,
1738 1485 1813 1523 sed

252 1566 407 1594 sonum
450 1567 598 1596 eorum
640 1568 724 1596 non
762 1558 892 1597 audit.
925 1558 1087 1596 Verum
1118 1559 1289 1606 praesto
1321 1559 1443 1597 nobis
1475 1560 1541 1598 est
1574 1559 1814 1599 Scholiasta

251 1632 480 1680 praeclaris
512 1633 883 1671 annotationibus:

315 1708 411 1757 „Re
422 1709 629 1758 pressi,
664 1709 830 1747 redii:
863 1709 957 1747 Non
982 1709 1082 1756 quid
1115 1709 1291 1758 dicatur,
1325 1709 1400 1747 sed
1431 1719 1514 1756 quo
1545 1710 1672 1758 gestu
1704 1710 1812 1749 dica-

249 1785 320 1822 tur
370 1785 528 1832 specta,
577 1785 621 1822 et
666 1784 830 1822 videbis
876 1794 1013 1831 neque
1059 1784 1315 1832 repressisse
1362 1784 1501 1823 adhuc
1546 1784 1813 1824 iracundiam

250 1870 386 1907 neque
429 1860 481 1898 ad
512 1870 558 1898 se
590 1860 768 1898 rediisse
798 1859 1019 1909 Demeam,
1053 1860 1128 1898 sed
1160 1869 1290 1908 quam
1321 1860 1433 1898 mira
1464 1861 1531 1898 est
1562 1861 1690 1910 atque
1721 1870 1811 1909 per-

250 1935 398 1983 spicua
442 1935 678 1984 moralitas,
728 1935 772 1973 in
818 1935 1064 1974 huiusmodi
1110 1935 1237 1973 rebus
1284 1936 1502 1984 apparet.''
1551 1935 1605 1974 Et
1655 1935 1810 1984 „Rem

250 2010 429 2058 ipsam
460 2011 733 2066 putemus.
766 2010 945 2048 Videtur
975 2010 1101 2058 paulo
1134 2010 1261 2049 citius
1288 2010 1652 2060 destomachatus‚
1682 2020 1812 2059 quam

250 2097 318 2125 res
361 2086 494 2125 etiam
535 2087 698 2125 incerta
740 2086 1009 2134 exposcebat.
1050 2086 1130 2124 Sed
1162 2087 1206 2124 et
1236 2086 1316 2124 hoc
1347 2086 1523 2125 morale.
1557 2086 1668 2124 Nam
1699 2086 1812 2125 iuste

251 2162 349 2200 irati
395 2162 558 2200 omissa
599 2161 782 2200 saevitia
823 2162 875 2199 ad
922 2161 1270 2199 ratiocinationes
1316 2171 1443 2209 saepe
1490 2161 1710 2200 festinant.
1758 2160 1812 2199 Et

250 2238 472 2285 praeterea
517 2237 621 2275 illud
662 2236 837 2285 accedit,
877 2236 987 2284 quod
1029 2246 1114 2274 non
1145 2236 1310 2274 invenit
1342 2236 1452 2283 quod
1483 2236 1572 2274 iam
1604 2235 1810 2284 condigne

251 2313 375 2361 dicat,
425 2312 556 2351 simul
602 2312 735 2351 etiam
781 2312 880 2359 quia
926 2311 1158 2360 increpitus
1205 2312 1272 2350 est
1313 2322 1338 2350 a
1378 2312 1522 2361 fratre,
1558 2312 1668 2359 quod
1699 2312 1810 2361 apud

250 2398 296 2426 se
328 2388 416 2426 iam
447 2398 533 2426 non
565 2388 622 2426 sit
653 2398 727 2436 per
758 2387 1025 2426 iracundiam
1056 2387 1403 2425 vehementem.’'

308 2463 411 2502 Hec.
460 2464 558 2502 516.
602 2462 834 2511 Phidippus
866 2463 1151 2501 remissurum
1182 2472 1228 2500 se
1260 2460 1395 2500 filiam
1426 2462 1603 2502 Lacheti
1634 2463 1810 2511 eiusque

249 2537 335 2576 filio
363 2538 483 2587 dixit,
513 2540 558 2577 at
584 2538 653 2576 hic
680 2537 837 2586 effugia
863 2537 1041 2585 quaerit.
1069 2537 1191 2576 Modo
1218 2537 1333 2575 enim
1361 2548 1416 2576 ex
1441 2538 1594 2576 itinere
1610 2547 1810 2577 reversus

251 2623 439 2662 causam,
480 2623 554 2651 cur
586 2613 738 2651 abierit
769 2612 853 2662 illa,
889 2613 1099 2651 eiusmodi
1130 2612 1263 2651 fuisse
1297 2613 1495 2661 cognovit
1525 2614 1575 2652 ut
1605 2613 1693 2652 iam
1724 2623 1810 2652 non

250 2689 387 2736 possit
432 2698 614 2726 uxorem
661 2698 758 2726 eam
805 2688 973 2726 habere.
1017 2688 1129 2726 Hinc
1160 2688 1303 2726 ortum
1335 2688 1522 2736 iurgium
1552 2688 1808 2737 Phidippum

250 2764 361 2801 inter
407 2773 456 2801 ac
497 2763 729 2801 Lachetem
771 2764 898 2810 atque
940 2763 1075 2801 iratus
1116 2763 1294 2810 uterque
1326 2763 1502 2801 domum
1534 2763 1650 2802 abiit.
1683 2762 1808 2801 Hunc

251 2839 418 2876 exitum
464 2838 593 2876 habet
639 2839 762 2876 actus
808 2838 882 2876 III.
926 2837 1070 2876 Prodit
1111 2847 1223 2875 nunc
1255 2837 1442 2885 Myrrina
1474 2837 1668 2886 Phidippi
1698 2846 1808 2876 uxor

252 2914 382 2952 anxia
412 2913 744 2963 perturbataque
776 2914 819 2952 et
850 2923 998 2953 secum
1030 2913 1135 2953 haec
1166 2912 1373 2962 loquitur:
