2002 3464
985 373 1067 412 104

250 499 492 548 inscalpens
534 499 724 547 digitulo,
769 499 847 537 hos
889 497 1086 537 Terentio
1127 500 1420 547 pronuntiavit
1445 510 1619 539 versus:
1653 500 1806 548 quibus

250 575 408 614 auditis
450 574 759 613 exclamaverit
799 575 937 623 poeta,
981 584 1028 613 se
1063 575 1197 613 talem
1229 586 1328 614 cum
1359 576 1563 614 scriberet
1595 576 1806 624 cogitasse

249 650 501 700 parasitum,
545 651 589 689 et
630 660 685 688 ex
726 650 1029 699 indignatione,
1073 651 1182 698 quod
1214 661 1313 689 eum
1345 653 1542 690 saturum
1573 652 1807 700 potumque

251 726 599 775 deprehenderat,
633 725 836 764 delinitus
868 725 1019 763 statim
1051 725 1151 764 sit.’'

249 802 303 840 Et
334 802 387 840 ad
411 791 481 840 vs.
516 801 624 840 321:

339 875 449 916 Cedo
476 886 649 915 senem:
678 876 766 914 iam
793 875 1005 914 instructa
1026 877 1128 915 sunt
1143 876 1205 931 mi
1222 876 1266 915 in
1283 878 1406 916 corde
1424 877 1602 916 consilia
1618 878 1775 927 omnia,

250 962 332 1000 quo
358 952 560 990 Phormio
587 951 776 990 declarat
801 951 1039 999 repperisse
1066 961 1113 990 se
1139 951 1296 1002 dolum,
1326 963 1407 1001 quo
1434 963 1583 1001 senem
1610 953 1805 1003 decipiat,

250 1029 366 1067 idem
398 1028 599 1066 annotat:

313 1103 420 1152 „Hic
461 1103 533 1142 alii
575 1103 819 1141 excussisse
859 1104 1076 1151 torporem
1117 1103 1259 1142 somni
1299 1103 1505 1143 inducunt
1544 1105 1806 1154 parasitum;

251 1179 323 1217 alii
349 1179 653 1227 transglutisse
680 1179 790 1226 quod
817 1179 862 1216 in
888 1189 959 1217 ore
985 1178 1228 1228 mandebat,
1257 1180 1380 1226 quasi
1406 1180 1486 1218 hoc
1510 1190 1657 1218 morae
1679 1180 1809 1219 fuerit

250 1254 303 1293 ad
334 1255 594 1293 vincendum
626 1255 818 1293 senem.”

309 1329 385 1368 Cui
417 1340 502 1368 non
533 1330 603 1368 hic
632 1329 887 1368 vernaculae
919 1329 1142 1368 cuiusdam
1168 1330 1336 1369 fabulae
1368 1331 1412 1368 in
1438 1314 1631 1369 mentem
1657 1331 1808 1370 venit?

250 1405 325 1443 Vir
356 1405 530 1453 quidam
561 1404 718 1454 gravis,
751 1406 884 1443 tenax
910 1405 1193 1455 antiquitatiS,
1222 1406 1267 1444 in
1292 1406 1507 1454 republica
1533 1406 1808 1455 optimatium

250 1480 401 1519 favens
441 1480 647 1530 partibus,
690 1481 902 1519 rusticum
943 1481 1051 1519 satis
1091 1481 1279 1529 lepidum
1322 1482 1374 1520 ad
1406 1491 1531 1520 suam
1562 1482 1808 1530 pertrahere

250 1557 428 1595 conatur
473 1556 748 1595 sententiam.
800 1556 982 1605 „Vides”
1031 1557 1092 1595 ait
1137 1567 1270 1605 „quae
1311 1557 1369 1596 sit
1409 1557 1613 1596 hodierna
1652 1557 1808 1596 levitas

251 1632 379 1678 atque
421 1631 525 1670 adeo
567 1631 781 1680 impietas.
825 1632 919 1670 Iam
960 1632 1004 1670 in
1043 1632 1142 1671 ludo
1184 1632 1373 1671 literario
1414 1632 1488 1671 illa
1525 1632 1806 1682 conspicitur;

249 1707 369 1745 liberi
410 1707 475 1745 tui
515 1706 668 1745 insana
709 1707 805 1756 ista,
839 1717 970 1755 quam
1001 1717 1115 1746 nunc
1145 1707 1272 1746 multi
1304 1708 1583 1758 admirantur,
1617 1708 1810 1748 doctrina

250 1793 275 1820 a
302 1793 402 1821 vero
429 1782 506 1821 Dei
533 1783 651 1821 cultu
678 1782 956 1832 abducuntur,
985 1784 1186 1831 parentes
1203 1793 1304 1822 suos
1322 1785 1596 1823 contemnere
1613 1785 1656 1823 et
1672 1783 1809 1823 ridere

250 1858 431 1907 discunt,
476 1858 727 1907 religionem
759 1859 1023 1907 negligunt.'’
1056 1859 1168 1897 Dum
1200 1859 1306 1898 haec
1337 1858 1564 1908 magnifice
1595 1859 1810 1899 declamat

248 1933 331 1982 ille,
379 1934 567 1972 rusticus
614 1933 745 1972 offam
786 1935 909 1983 panis
951 1934 1066 1973 lente
1107 1935 1373 1973 manducans
1404 1935 1639 1974 identidem
1671 1934 1808 1984 capite

250 2009 421 2058 abnuit;
460 2010 758 2049 stomachatur
789 2010 961 2059 sapiens
993 2011 1147 2060 orator,
1181 2011 1329 2059 negari
1360 2010 1511 2049 videns
1542 2021 1651 2059 quae
1686 2012 1809 2050 tanta

248 2085 453 2124 orationis
485 2086 698 2134 gravitate
730 2086 953 2135 declamet,
987 2086 1113 2133 idque
1145 2086 1196 2125 ab
1229 2096 1279 2125 eo
1306 2086 1358 2124 de
1385 2096 1467 2134 quo
1492 2086 1673 2126 minime
1700 2087 1806 2126 eius-

248 2161 365 2199 modi
406 2160 565 2209 aliquid
608 2161 946 2210 exspectaverim
989 2172 1141 2201 vocem
1173 2162 1368 2211 intendit,
1401 2162 1598 2200 tandem:
1636 2161 1807 2210 „quidni

248 2246 352 2275 vera
386 2236 465 2275 tibi
495 2237 707 2286 videntur,
742 2247 850 2285 quae
882 2237 974 2276 dico
986 2238 1034 2276 ‘3⁹'
1069 2237 1239 2276 clamat.
1273 2237 1354 2275 Hic
1385 2237 1584 2286 rusticus,
1619 2237 1691 2285 qui
1716 2238 1806 2276 tan-

249 2312 348 2350 dem
390 2312 616 2359 aliquando
658 2323 814 2361 panem
856 2323 984 2351 suum
1026 2312 1303 2361 transglutiit,
1344 2312 1446 2350 dum
1479 2313 1623 2351 sinum
1653 2314 1808 2362 purgat

247 2387 373 2426 micis
405 2397 512 2435 quae
539 2387 801 2427 inciderunt:
834 2388 960 2438 „quia
986 2399 1071 2428 non
1097 2389 1232 2427 habeo
1258 2388 1441 2426 liberos''
1469 2388 1709 2436 respondet.
1738 2388 1808 2428 Sic-

247 2465 361 2502 certe
403 2463 515 2502 hanc
555 2464 723 2511 partem
765 2464 816 2502 ab
849 2464 1011 2512 optimo
1043 2462 1204 2502 artifice
1237 2463 1306 2512 agi
1336 2463 1537 2503 vidimus.
1572 2463 1674 2513 Quis
1704 2475 1806 2503 vero

246 2539 297 2578 de
343 2539 423 2578 hoc
465 2538 644 2578 artificio
686 2540 829 2578 tacere
870 2540 1018 2589 possit,
1062 2539 1134 2587 qui
1165 2539 1284 2578 illam
1316 2539 1506 2579 fabulam
1537 2541 1805 2588 posterorum

247 2625 378 2654 causa
404 2614 753 2654 annotationibus
780 2626 930 2654 revera
956 2615 1132 2654 utilibus
1159 2615 1417 2654 instructam
1443 2616 1487 2654 in
1514 2616 1655 2655 lucem
1682 2616 1805 2655 edere

244 2690 382 2729 velit?
428 2690 539 2729 Nam
580 2701 730 2729 revera
770 2690 899 2729 utiles
946 2691 998 2729 ad
1039 2690 1228 2738 aliquam
1269 2691 1460 2729 fabulam
1505 2691 1805 2730 annotationes

245 2766 343 2804 illae
385 2766 560 2804 demum
602 2767 704 2804 sunt
745 2776 853 2813 quae
895 2766 948 2804 ad
978 2776 1071 2804 rem
1102 2765 1318 2804 scenicam
1349 2766 1576 2816 pertinent,
1610 2767 1653 2804 et
1684 2765 1804 2804 illam

246 2841 486 2880 Scholiasta
522 2842 668 2880 noster
699 2852 869 2890 semper
900 2841 1050 2880 habuit
1081 2842 1180 2879 ante
1212 2841 1370 2880 oculos
1404 2842 1499 2880 Huc
1530 2851 1680 2880 omnes
1711 2841 1803 2880 eius

246 2916 546 2956 annotationes
578 2918 680 2957 sunt
711 2917 969 2957 referendae.
1002 2916 1173 2955 Etenim
1205 2916 1254 2967 si,
1288 2918 1337 2955 ut
1362 2917 1443 2956 hoc
1470 2916 1666 2966 exemplo
1691 2917 1800 2967 utar,
