2002 3464
1018 383 1100 421 214

335 501 428 545 III.
472 505 598 543 Nulla
638 516 739 544 vero
781 505 967 544 Terentii
1009 508 1148 546 virtus
1179 508 1443 556 frequentius
1475 509 1673 548 laudatur
1704 520 1834 557 quam

274 579 586 627 vigilantia
632 580 735 628 eius,
784 591 868 628 qua
914 592 1022 629 quae
1067 581 1174 621 fiant
1214 583 1412 622 futurave
1453 585 1541 622 sint
1581 585 1835 624 verisimilia

273 654 434 693 reddat.
468 655 728 702 Insigniores
760 656 810 694 de
842 656 922 695 hac
952 667 997 695 re
1029 658 1144 696 locos
1177 669 1409 707 apponam:

332 729 434 768 Hec.
478 730 530 779 Π,
576 730 613 778 2,
661 731 726 769 19.
769 731 932 770 Laches
968 732 1225 781 Phidippum
1257 735 1527 782 reprehendit
1559 735 1668 783 quod
1699 734 1834 775 filiam

274 807 326 844 ad
358 806 565 844 maritum
597 817 681 845 non
713 808 908 846 remittat
941 810 983 847 et
1015 809 1110 847 aliis
1141 810 1283 848 verbis
1316 812 1358 850 et
1389 812 1554 862 hisce:

449 882 594 929 Neque
621 882 725 920 adeo
748 882 860 920 clam
877 893 947 922 me
966 885 1043 933 est,
1064 895 1193 932 quam
1211 895 1305 924 esse
1323 896 1420 924 eum
1439 887 1628 935 graviter
1644 887 1834 926 laturum

1573 962 1772 1011 [credam,

450 1031 543 1070 Hoc
574 1032 612 1069 si
642 1032 849 1071 rescierit.

272 1107 537 1146 Annotatur:
576 1107 947 1155 „ingeniosissime
978 1110 1104 1156 poeta
1131 1110 1219 1155 iam
1245 1113 1470 1159 praeparat
1498 1121 1675 1150 causam
1701 1112 1831 1151 simu-

272 1182 411 1220 laturo
444 1182 495 1220 ob
528 1182 639 1220 hanc
670 1193 763 1221 rem
795 1183 1061 1222 iracundiam
1093 1185 1361 1233 Pamphilo.’'
1828 1193 1834 1195 “

331 1257 433 1295 Hec.
466 1257 514 1306 V,
554 1258 588 1306 1,
624 1258 691 1296 30.
726 1258 906 1296 Bacchis
938 1259 1162 1307 peregrina
1192 1262 1342 1308 rogata
1373 1263 1420 1300 ut
1452 1263 1504 1300 ad
1531 1262 1834 1301 Philumenam

271 1333 468 1381 introeat,
503 1333 780 1371 conciliatura
812 1344 908 1372 eam
940 1334 1164 1382 Pamphilo
1196 1336 1352 1374 marito
1384 1337 1633 1385 respondet:

449 1408 645 1446 Faciam:
689 1409 799 1456 quod
839 1409 920 1458 pol,
965 1410 1002 1448 si
1034 1412 1149 1448 esset
1180 1411 1264 1449 alia
1296 1422 1350 1450 ex
1381 1410 1461 1450 hoc
1492 1413 1684 1463 quaestu,
1718 1413 1832 1452 haud

1465 1487 1639 1533 [faceret
1669 1488 1771 1527 scio.

271 1558 536 1596 Annotatur:
584 1558 838 1607 „vigilanter
877 1562 1015 1609 poeta,
1059 1571 1112 1598 ne
1153 1571 1238 1598 non
1278 1561 1513 1600 verisimile
1543 1563 1759 1602 videretur
1788 1563 1831 1602 id

269 1633 404 1671 ullam
440 1633 593 1671 fecisse
625 1634 911 1683 meretricem,
945 1635 1035 1683 ipse
1066 1635 1271 1674 lectorem
1302 1638 1535 1684 praevenit.
1568 1638 1621 1676 Et
1651 1638 1714 1677 sic
1743 1638 1831 1677 fere

269 1709 313 1746 in
355 1708 554 1747 omnibus
596 1709 832 1759 Terentius,
877 1720 985 1757 quae
1026 1711 1171 1749 minus
1211 1712 1463 1760 pervulgata
1494 1713 1607 1762 sunt,
1641 1722 1831 1761 quaeque

268 1784 498 1822 abhorrent
530 1794 554 1821 a
586 1784 904 1834 consuetudine,
939 1785 1070 1833 agit.’'

326 1859 498 1897 Phorm.
542 1859 594 1907 Π,
635 1859 670 1907 1,
707 1859 774 1897 65.
810 1858 916 1897 Cum
950 1859 1057 1898 Geta
1088 1870 1213 1899 servo
1245 1871 1322 1899 suo
1354 1861 1532 1909 loquens
1563 1862 1724 1901 Demea
1754 1862 1831 1901 filii

266 1934 511 1983 stultitiam,
556 1935 628 1982 qui
669 1945 715 1974 se
758 1936 933 1974 absente
976 1937 1026 1974 ab
1069 1936 1261 1985 improbo
1298 1938 1536 1986 impostore
1568 1940 1741 1978 coactus
1772 1936 1857 1978 sit'
1904 1919 1907 1928 Δ

265 2020 446 2048 uxorem
479 2011 643 2059 ducere,
673 2021 803 2058 quam
830 2013 1058 2059 cognatam
1086 2012 1177 2050 eius
1205 2012 1387 2051 dixisset
1413 2013 1496 2063 ille,
1525 2014 1587 2052 ita
1613 2013 1827 2062 exagitat:

1174 2088 1296 2126 Mitto
1329 2088 1486 2138 omnia,

442 2161 562 2200 Addo
594 2162 728 2200 istuc:
762 2163 1010 2211 imprudens
1042 2163 1190 2202 timuit
1221 2164 1491 2203 adolescens:
1525 2164 1632 2204 sino.

440 2237 503 2275 Tu
535 2239 708 2276 servus!
743 2238 904 2277 Verum
936 2239 973 2277 si
1006 2240 1187 2287 cognata
1218 2241 1285 2278 est
1316 2239 1522 2289 maxime,

440 2312 534 2350 Non
564 2312 646 2351 fuit
677 2323 853 2351 necesse
885 2313 1063 2352 habere:
1092 2314 1178 2363 sed,
1213 2314 1254 2352 id
1287 2315 1397 2361 quod
1428 2315 1501 2353 lex
1531 2315 1660 2365 iubet,

439 2386 594 2425 Dotem
628 2388 799 2437 daretis,
834 2390 1057 2436 quaereret
1088 2389 1222 2427 alium
1252 2389 1408 2428 virum.

440 2461 530 2510 Qua
561 2463 726 2501 ratione
759 2463 930 2511 inopem
961 2464 1104 2512 potius
1136 2464 1316 2502 ducebat
1349 2465 1558 2503 domum?

259 2535 524 2574 Annotatur:
563 2537 667 2585 „sub
685 2538 862 2576 obtentu
894 2538 1021 2576 huius
1052 2539 1365 2588 propositionis,
1400 2540 1444 2578 in
1475 2551 1559 2588 qua
1589 2551 1689 2589 pars
1716 2540 1824 2589 legis

258 2593 509 2659 ostenditur,
543 2611 631 2650 iam
663 2613 790 2660 poeta
819 2615 1046 2661 praeparat
1076 2614 1216 2652 locum
1249 2614 1444 2653 fallaciae
1471 2615 1744 2654 Phormionis
1772 2616 1824 2654 de

258 2686 355 2724 dote
388 2685 674 2734 accipienda.'’

320 2759 396 2802 lv.
428 2760 687 2808 Vigilantiae
720 2761 885 2801 similes
916 2763 1100 2802 virtutes
1127 2763 1314 2802 Terentii
1340 2765 1408 2803 his
1434 2765 1540 2804 locis
1565 2765 1817 2804 laudantur:

314 2835 417 2874 Hec.
461 2836 535 2885 III,
584 2837 618 2886 1,
663 2837 732 2876 47.
776 2837 1039 2887 Pamphilus,
1084 2838 1156 2886 qui
1198 2840 1324 2878 modo
1364 2849 1461 2878 cum
1494 2850 1619 2879 servo
1651 2840 1820 2878 Parme-

257 2920 367 2948 none
415 2912 513 2948 ante
561 2911 722 2950 ostium
763 2912 1043 2951 Philumenae
1084 2914 1276 2962 steterat,
1321 2916 1542 2962 aegrotare
1584 2915 1657 2953 ubi
1699 2914 1820 2952 illam
