2002 3464
959 380 1042 419 227

211 513 259 544 se
284 503 447 544 sentire
472 514 604 553 quam
630 505 747 544 vitae
774 505 888 554 pleni
915 505 1005 544 sint
1031 515 1184 544 omnes
1201 505 1390 544 Terentii
1406 517 1573 546 versuS.
1592 507 1786 547 Annotat

211 579 351 619 enim:
389 582 559 629 „cetera
583 582 686 619 sunt
714 581 757 619 in
784 583 910 629 gestu
938 581 1185 629 quaerentis
1213 581 1314 629 quid
1339 582 1454 621 dicat
1481 582 1532 621 de
1558 583 1785 631 Pamphilo

210 665 290 696 nec
320 656 625 696 invenientis.’'

269 731 351 771 Hic
392 742 464 771 me
495 732 652 780 aliquis
683 732 746 771 sic
777 732 1051 781 interpellare
1082 733 1242 781 possit:
1280 733 1427 782 „Heus
1458 734 1519 783 tu,
1553 733 1605 772 de
1637 734 1785 774 Sosiae

209 817 394 856 persona
424 807 618 847 dicturus
645 818 753 858 eras,
783 808 859 847 sed
885 807 1122 847 identidem
1149 809 1295 858 etiam,
1325 808 1363 847 si
1390 819 1498 857 quos
1525 809 1569 848 in
1597 810 1786 849 Simonis

209 882 353 922 verbis
395 883 716 932 deprehendere
757 883 836 923 tibi
876 884 1037 923 videris
1078 884 1258 934 lepores,
1293 885 1390 924 illos
1422 885 1545 924 nobis
1577 885 1785 925 indicas.’'

209 958 308 998 Feci
348 959 442 1010 hoc,
485 959 635 1009 fateor,
680 960 756 999 sed
787 959 891 999 facti
923 970 1009 999 non
1040 960 1244 1008 poenitet.
1278 961 1373 999 Non
1405 961 1522 1000 enim
1554 963 1647 1000 tam
1679 962 1787 1001 bene

207 1033 431 1084 lepideque
463 1045 638 1074 narrare
665 1036 880 1084 potuisset
907 1035 1038 1085 Simo,
1068 1036 1153 1074 nisi
1179 1038 1273 1075 tam
1299 1036 1461 1075 bonum
1487 1038 1643 1076 nactus
1671 1039 1788 1076 esset

0 1102 10 1164 ξ’
208 1112 463 1152 auditorem.
509 1111 617 1162 Quid
657 1112 769 1160 quod
811 1112 983 1160 singula
1024 1122 1104 1151 sua
1135 1113 1267 1151 verba
1299 1113 1415 1152 illius
1447 1114 1641 1152 moribus
1674 1115 1786 1163 inge-

0 1177 4 1184 ”
207 1188 364 1236 nioque
395 1189 709 1228 accommodat.

269 1264 339 1303 89.
373 1264 443 1304 Sic
473 1274 609 1303 senex
639 1263 801 1312 pergit:

14 250 37 270 ’,Γ

27 344 51 362 ³022<

22 393 28 403 ε
42 379 50 395 ¹.

4 411 12 427 ,ἱ
35 429 36 432 ¹

8 439 10 442 .
22 432 25 442 V

20 486 35 498 n,-

1 547 3 550 ⁴
23 538 37 551 .¹.

2 616 16 636 θ’·

0 1162 3 1177 ⁹
0 1112 3 1120 -
0 888 26 1096 “rvr-arvam
17 821 23 830 .,
11 763 21 778 .-,

1013 1338 1122 1377 item
1155 1339 1238 1378 alio
1271 1340 1339 1379 die

388 1414 680 1464 Quaerebam:
715 1414 1034 1463 comperiebam
1066 1415 1126 1453 nil
1159 1415 1213 1454 ad
1245 1415 1524 1465 Pamphilum

386 1490 624 1540 Quicquam
656 1491 854 1530 attinere.

206 1567 290 1607 Hic
305 1577 474 1616 quoque
491 1578 581 1617 ego,
601 1567 803 1616 quamvis
819 1567 983 1606 mirum
999 1567 1210 1617 videatur,
1229 1569 1448 1608 narrantis
1465 1562 1570 1620 ἦθος
1587 1580 1786 1619 agnosco.

206 1643 261 1682 Et
300 1644 451 1683 tamen
486 1653 541 1683 ne
574 1643 817 1682 Scholiasta
848 1643 1035 1692 quidem,
1070 1644 1427 1683 accuratissimus
1459 1645 1530 1684 ille
1562 1656 1786 1685 ornamen-

205 1721 364 1769 torum,
408 1729 518 1768 quae
559 1729 703 1758 sermo
745 1718 934 1758 Terentii
972 1719 1114 1768 habet,
1149 1719 1412 1770 observator,
1447 1721 1682 1769 quidquam
1713 1732 1785 1761 me

207 1795 344 1835 docet.
402 1795 445 1834 Is
502 1795 620 1834 enim
672 1796 876 1834 annotat:
924 1795 1080 1833 Nihil
1129 1795 1192 1833 ad
1239 1795 1596 1844 Pamphilum
1643 1798 1784 1845 quic-

207 1873 383 1920 quam]
436 1869 679 1921 ηπαρέλκονε
728 1881 831 1910 nam
878 1871 1069 1910 abundat
1110 1871 1437 1922 quidquam,
1481 1882 1585 1911 nam
1627 1882 1785 1911 nemo

207 1947 411 1996 quisqu
423 1957 507 1986 am
533 1957 619 1986 non
641 1947 839 1986 dicitur.”
858 1946 1073 1986 Haeccine
1091 1957 1116 1985 a
1132 1931 1305 1986 Donato⁴
1316 1948 1508 1996 profecta
1525 1948 1753 1987 credamus
1765 1949 1785 1987 ’Β

206 2023 302 2063 Non
343 2033 435 2072 ego.
477 2022 563 2061 Vix
603 2022 673 2061 hic
711 2020 990 2062 oculis'meis
1021 2021 1151 2061 fidem
1184 2023 1334 2063 habeo.
1369 2024 1492 2063 Itane
1524 2025 1659 2063 vero?
1690 2025 1785 2063 Non

206 2099 364 2139 dicitur
394 2108 552 2138 nemo
584 2098 916 2148 quisquam?
950 2099 1057 2148 Quid
1089 2109 1190 2147 ergo
1222 2099 1329 2138 Eun.
1357 2110 1422 2139 vs.
1455 2100 1568 2139 1032
1596 2100 1786 2149 legitur?

206 2175 396 2224 Nempe:

386 2250 419 2290 Ο
450 2250 700 2300 populares!
733 2250 880 2299 ecquis
912 2260 984 2289 me
1015 2250 1142 2290 hodie
1173 2250 1284 2290 vivit
1315 2250 1605 2291 fortunatior?

386 2326 535 2376 Nemo,
568 2326 723 2376 hercle,
756 2326 988 2375 quisquam
1010 2322 1050 2372 1).

206 2402 261 2442 Et
302 2402 371 2442 fac
407 2402 496 2442 iam
527 2412 750 2451 nunquam
783 2403 912 2441 antea
944 2402 1108 2441 dictum
1140 2402 1246 2441 illud
1276 2402 1412 2441 fuisse
1444 2413 1602 2442 nemo
1644 2404 1784 2452 quis-

207 2488 391 2528 quam,
419 2488 562 2518 nonne
587 2478 736 2518 liceret
762 2477 962 2517 Terentio
985 2488 1084 2517 eam
1099 2478 1409 2517 vocabulorum
1426 2479 1786 2528 compositionem

246 2631 269 2666 ¹)
292 2631 390 2660 Unus
411 2630 467 2660 hic
485 2630 578 2660 locus
597 2630 692 2667 satIS,
711 2631 750 2659 ut
767 2630 893 2668 opinor,
912 2631 1122 2660 demonstrat
1140 2638 1208 2659 non
1227 2630 1339 2666 ipsum
1359 2630 1531 2660 Donatum
1551 2639 1592 2661 ea
1611 2621 1787 2667 scripsisse

209 2690 294 2719 quae
321 2683 420 2712 modo
449 2683 647 2712 citabamus.
675 2682 871 2719 corruptam
901 2691 922 2712 a
943 2683 1160 2718 compilatore
1180 2683 1435 2712 annotationem
1455 2691 1582 2718 censeO‚
1603 2692 1687 2719 quae
1706 2685 1787 2713 olim

208 2734 439 2764 huiuscemodi
473 2734 585 2764 merit:
623 2735 756 2770 „eodem
792 2735 890 2764 modo
925 2742 1041 2764 nemo
1073 2735 1296 2770 quisquam
1326 2735 1474 2764 dicitur.”
1501 2735 1588 2765 Nam
1617 2736 1787 2765 Donatum

209 2786 335 2822 aliquid
360 2786 512 2816 docuisse
528 2786 615 2821 quod
634 2787 771 2816 veritati
793 2787 936 2816 adversa
955 2788 1064 2816 fronte
1083 2789 1284 2823 repugnaret
1303 2787 1388 2816 mihi
1406 2795 1476 2817 non
1494 2788 1722 2823 persuadetur.
1743 2788 1790 2817 Of.

209 2839 296 2876 quod
311 2840 360 2870 rin
387 2839 514 2869 scholio
544 2839 672 2869 sincero
699 2839 895 2876 integroque
921 2840 1044 2875 legitur
1063 2840 1104 2868 ad
1124 2840 1257 2869 Phorm.
1276 2840 1300 2876 I,
1319 2841 1346 2876 2,
1364 2841 1414 2870 30:
1436 2841 1465 2869 N
1473 2842 1587 2870 oster
1606 2842 1707 2870 mali
1726 2842 1788 2871 nil

207 2889 439 2927 quicquam]
460 2890 636 2926 „quartum
652 2888 816 2930 παρέλκοι,
840 2891 932 2919 utin
952 2891 1100 2926 Hecyra:
1120 2897 1212 2919 nam
1231 2896 1348 2919 nemo
1367 2890 1537 2919 illorum
1558 2891 1787 2930 quisquam,

208 2944 334 2981 scito,
352 2944 399 2973 ad
424 2947 465 2973 te
488 2944 633 2974 venitl’
