2002 3464
1851 18 1854 19 ⁷
1870 26 1871 31 ¹
1904 0 1984 28 2:55*

1897 25 1929 60 ’τ-

1058 400 1113 439 36

304 521 460 570 servat,
488 532 509 559 e
527 523 723 561 vocativo
746 523 820 562 Gn
833 534 856 562 a
868 525 887 562 t
899 524 927 562 h
939 534 962 563 o
986 526 1172 574 apparet,
1192 535 1319 573 quem
1338 526 1482 565 adiicit
1498 527 1624 566 miles
1641 527 1740 575 quia
1757 538 1853 568 cum

306 595 461 634 doloris
493 597 678 643 quodam
709 599 896 646 loquitur
927 610 1069 639 sensu.

364 671 533 710 Solatur
573 672 793 712 hominem
827 674 994 714 Gnatho
1026 676 1223 714 dicendo:
1261 678 1328 726 „te
1361 678 1480 716 amat
1511 678 1610 725 quia
1642 678 1752 717 dona
1781 679 1857 718 tua

303 748 462 785 amat.'’
496 747 606 786 Tum
638 749 799 788 Thraso
833 753 909 796 (vs.
943 752 1066 796 451):

449 823 697 862 Benedixti:
731 835 781 863 ac
801 820 827 871 ¹)
859 826 966 864 mihi
998 827 1110 864 istuc
1141 837 1224 865 non
1257 827 1299 865 in
1331 829 1523 866 mentem
1554 829 1732 867 venerat

302 900 344 936 et
376 898 543 938 Gnatho
577 901 675 945 (452
708 903 809 948 sq.):

565 976 830 1015 Ridiculum:
864 987 949 1015 non
982 978 1097 1015 enim
1130 978 1363 1026 cogitaras:
1397 980 1587 1018 ceterum

477 1050 596 1089 Idem
628 1052 708 1090 hoc
738 1053 832 1090 tute
864 1052 1020 1090 melius
1052 1054 1210 1100 quanto
1243 1053 1495 1102 invenisses,
1529 1054 1712 1093 Thraso!

300 1124 436 1172 Quam
478 1126 652 1164 ridicule
695 1127 826 1166 etiarn
868 1128 1138 1176 sagacissimi
1177 1129 1373 1167 homines
1415 1140 1554 1175 errare
1590 1130 1757 1178 possint
1798 1140 1852 1169 ex

297 1199 377 1238 hac
431 1201 613 1249 Bentleji
669 1203 844 1250 apparet
896 1203 1192 1242 annotatione:
1245 1204 1308 1252 „si
1354 1204 1468 1243 idem
1515 1206 1592 1254 est,
1640 1205 1851 1253 quomodo

297 1276 483 1315 melius?
526 1277 660 1325 Lege:
704 1277 848 1315 idem
880 1277 979 1316 hoc
1010 1279 1104 1317 aut
1134 1279 1339 1318 melius
1370 1281 1492 1318 tute
1523 1281 1851 1320 invenisses

298 1349 551 1390 Thraso.”
580 1352 707 1400 Fugit
733 1352 875 1390 virum
902 1354 1326 1401 praestantissimum
1353 1365 1450 1394 rara
1475 1356 1603 1394 huius
1624 1355 1705 1395 loci
1721 1366 1848 1395 venu-

297 1427 400 1465 stas.
429 1427 539 1465 Nam
555 1437 707 1465 verum
725 1427 896 1474 quidem
915 1429 981 1466 est
998 1428 1177 1467 eandem
1194 1439 1286 1468 rem
1303 1430 1458 1468 melius
1475 1431 1651 1479 peiusve
1667 1430 1850 1470 inveniri

295 1512 380 1540 non
420 1512 558 1551 posse,
602 1502 676 1540 sed
718 1503 761 1540 in
802 1503 882 1542 hoc
922 1504 1014 1551 ipso
1056 1514 1254 1543 summus
1296 1507 1362 1544 est
1403 1506 1504 1544 dicti
1545 1506 1672 1556 lepor,
1711 1517 1848 1555 neque

295 1578 462 1624 poterat
502 1578 683 1616 facetius
724 1578 892 1617 Gnatho
934 1579 1098 1617 homini
1139 1580 1271 1618 stulto
1308 1580 1472 1618 adulari
1502 1590 1632 1628 quam
1663 1582 1747 1620 sio:
1784 1582 1847 1631 „si

294 1652 340 1690 tu
374 1653 554 1690 eandem
586 1663 679 1691 rem
712 1653 903 1692 invenire
935 1654 1135 1702 dignatus
1168 1665 1298 1704 esses
1332 1655 1488 1695 melius
1520 1656 1802 1695 invenisses.”

823 1924 967 1963 Acrus
1000 1925 1062 1962 III
1095 1925 1237 1965 ScENA
1271 1926 1308 1963 2.

349 2046 494 2085 Prodit
526 2047 666 2096 Thais,
701 2047 863 2086 salutat
892 2048 1089 2098 militem,
1119 2049 1191 2096 qui
1217 2050 1367 2087 statim
1395 2060 1491 2088 eam
1518 2050 1720 2091 admonet
1746 2051 1844 2091 doni

290 2131 315 2159 a
347 2131 393 2160 se
426 2122 525 2161 dati.
560 2123 639 2160 Hic
672 2123 882 2162 Parmeno
916 2127 992 2169 (vs.
1028 2125 1150 2170 477):

894 2209 1024 2246 quam
1055 2202 1258 2239 venuste:
1293 2202 1402 2248 quod
1434 2201 1548 2240 dedit

691 2273 952 2321 Principium
984 2275 1237 2313 adveniens!

290 2347 458 2385 Gratias
490 2348 616 2386 militi
651 2348 740 2396 agit
771 2348 922 2397 Thais;
956 2350 1050 2387 tum
1083 2350 1282 2388 continuo
1313 2350 1550 2398 parasitus:

686 2423 846 2461 Eamus
879 2434 977 2472 ergo
1010 2425 1061 2462 ad
1095 2435 1284 2463 coenam.

287 2497 340 2536 Et
371 2498 580 2536 Parmeno
612 2508 782 2536 secum:

1077 2574 1189 2613 Hem
1221 2574 1426 2613 alterum:

684 2648 748 2686 Ex
780 2649 953 2687 homine
984 2649 1096 2687 hunc
1129 2651 1279 2688 natum
1312 2651 1459 2689 dicas?

287 2723 535 2762 Coniectum
576 2724 645 2761 hic
687 2725 775 2762 est:
822 2725 1062 2772 „abdomini
1104 2725 1215 2762 hunc
1256 2727 1407 2763 natum
1450 2727 1608 2766 dicas.”
1649 2727 1686 2765 A
1722 2729 1836 2775 quo?

285 2799 348 2836 Ab
381 2799 576 2846 aliquone
607 2800 779 2837 nostrae
810 2800 965 2837 aetatis
996 2799 1087 2837 viro
1119 2800 1267 2837 insane
1300 2801 1421 2839 docto
1433 2802 1462 2856 ‘?⁴
1485 2802 1624 2840 Immo
1655 2813 1681 2840 a
1711 2803 1833 2841 Bent-

324 2950 343 2984 ¹)
364 2950 415 2977 Sic
434 2950 554 2984 Fleck.;
574 2952 593 2978 1.
614 2952 666 2978 at.
