2002 3464
983 378 1037 416 56

292 510 430 557 Atque
473 519 621 547 rursus
662 510 830 558 roganti
871 510 1091 558 Pythiadi:
1129 511 1254 560 „Eho,
1289 520 1428 549 nonne
1459 510 1501 548 id
1532 510 1602 548 sat
1632 510 1724 548 erat
1734 509 1782 548 ?”

231 585 457 633 respondet
488 584 557 623 ille
591 585 727 631 (736):

695 708 697 710 ,
794 661 854 700 At
883 660 1102 699 nescibam
1134 661 1175 699 id
1207 661 1344 700 dicere
1377 661 1509 710 illam,
1542 661 1626 700 nisi
1658 661 1757 709 quia

320 734 514 773 Correxit
540 734 678 784 miles,
698 735 808 783 quod
825 735 1018 781 intellexi
1033 736 1200 775 minus:
1219 746 1321 776 nam
1337 747 1408 775 me
1426 736 1611 775 extrusit
1626 736 1754 775 foras.

231 810 290 848 De
322 810 464 848 verbis
499 810 711 859 „correxit
744 833 791 838 —
829 811 971 850 foras”
1004 811 1109 850 haec
1141 811 1340 850 observat
1372 811 1631 851 Scholiasta:
1669 809 1787 860 „Hoc

232 885 400 924 videtur
437 882 621 924 'facetius
663 886 706 924 et
746 886 985 934 sapientius
1024 896 1152 934 quam
1195 887 1276 931 dici
1308 887 1359 925 ab
1392 886 1518 936 ebrio,
1552 887 1712 931 rustico
1743 887 1787 925 et

233 960 500 999 adolescente
527 960 756 1000 debuisset.
785 961 877 1000 Hoc
902 961 1059 1000 vitium
1084 963 1188 1001 tunc
1213 960 1262 1000 fit
1284 972 1382 1000 cum
1398 963 1548 1010 poetae
1565 962 1786 1011 ingenium

232 1047 359 1075 suum
401 1036 444 1074 in
484 1046 689 1084 personas
730 1037 994 1076 conferunt.”
1037 1037 1303 1076 Vocabulum
1343 1037 1668 1086 sapientius
1699 1047 1784 1077 cor-

232 1112 406 1160 ruptum
447 1112 572 1160 puto;
616 1112 851 1160 sapientiae
893 1112 1008 1153 enim
1050 1113 1094 1150 in
1135 1112 1207 1151 illo
1249 1112 1361 1154 dicto
1401 1112 1524 1151 video
1565 1112 1671 1151 nihil
1711 1112 1794 1154 sed·

232 1187 420 1225 multum
461 1186 616 1235 leporis
658 1188 784 1235 atque
826 1187 1094 1227 urbanitatis.
1140 1188 1220 1226 Sed
1260 1189 1353 1226 tota
1390 1187 1631 1226 observatio
1661 1187 1788 1236 periti

234 1262 284 1300 de
326 1263 416 1300 arte
459 1262 622 1301 comica
663 1262 814 1302 iudicis
851 1273 945 1301 esse
987 1263 1167 1302 videtur.
1211 1263 1358 1302 Nonne
1391 1263 1506 1303 enim
1538 1263 1711 1302 omnino
1742 1262 1787 1304 in

234 1338 314 1376 hac
345 1347 473 1376 scena
512 1338 804 1386 componenda
843 1338 1130 1386 negligentius
1171 1339 1368 1378 versatus
1409 1339 1477 1377 est
1507 1338 1667 1386 poeta?
1695 1337 1787 1381 Hoc

234 1423 307 1451 cur
338 1423 484 1461 rogem
515 1413 666 1452 statim
697 1413 928 1462 apparebit.

293 1488 423 1526 Addit
467 1488 609 1527 verbis
651 1489 794 1527 citatis
835 1489 940 1527 haec
981 1488 1185 1528 Chremes
1227 1511 1279 1516 —
1325 1490 1368 1527 et
1409 1490 1475 1527 est
1506 1488 1576 1527 hic
1605 1488 1786 1527 ultimus

234 1563 410 1602 huiusce
443 1573 595 1602 scenae
626 1573 799 1602 versus:

295 1639 392 1678 738.
427 1639 508 1677 Sed
540 1648 688 1676 eccum
719 1639 881 1687 ipsam:
914 1639 1046 1677 miror
1078 1639 1149 1677 ubi
1181 1649 1257 1687 ego
1290 1639 1388 1677 huic
1420 1638 1740 1678 antevorterim.

235 1715 282 1753 Id
325 1724 400 1762 ego
442 1724 606 1761 quoque
647 1714 791 1763 miror,
836 1724 934 1754 cum
974 1715 1228 1764 praesertim
1269 1725 1332 1753 vs.
1374 1715 1456 1753 745
1490 1714 1619 1753 Thais
1651 1704 1785 1753 dicati

239 1773 288 1839 „o
319 1789 381 1827 mi
413 1788 629 1838 Chremes,
657 1790 699 1827 te
727 1789 869 1837 ipsum
896 1789 1243 1839 exspectabam,''
1271 1790 1315 1828 in
1341 1789 1412 1828 via
1438 1789 1656 1838 nimirum,
1685 1799 1787 1828 nam

236 1866 332 1914 post
379 1864 651 1903 Chremetem
697 1865 827 1907 Thais
873 1865 1058 1904 advenit.
1106 1865 1307 1905 Fortasse
1352 1865 1459 1904 latet
1504 1864 1574 1903 hic
1619 1864 1788 1913 aliquod

236 1941 362 1988 lepidi
393 1941 543 1989 poetae
576 1940 814 1989 consilium,
848 1941 954 1979 nihil
986 1941 1101 1986 enim
1133 1951 1239 1990 opus
1271 1942 1363 1980 erat
1389 1940 1660 1980 Chremetem
1688 1941 1787 1983 ante

235 2016 441 2055 Thaidem
468 2017 680 2055 advenire.
708 2016 843 2055 Versu
867 2017 1013 2055 autem
1031 2017 1114 2055 738
1137 2017 1249 2066 ubi,
1273 2017 1315 2056 id
1332 2016 1442 2066 quod
1457 2017 1572 2055 recte
1589 2015 1788 2055 observat

236 2091 485 2140 Scholiasta,
506 2093 592 2130 est:
616 2091 685 2139 „in
702 2101 785 2139 qua
800 2092 920 2139 parte
937 2091 1074 2129 viae.”
1094 2091 1319 2139 Praeteriit
1335 2090 1542 2139 Thaidem
1559 2071 1785 2139 Chremes;

234 2167 314 2206 hoc
345 2167 542 2211 credibile
574 2168 651 2216 est,
685 2167 760 2205 sed
792 2177 817 2205 a
848 2166 1006 2205 Thaide
1038 2167 1314 2215 conspectum
1346 2176 1430 2212 non
1466 2175 1560 2205 esse
1587 2166 1806 2205 iuvenem>

236 2244 400 2282 ebrium
437 2252 485 2291 ac
516 2243 777 2283 titubantem
809 2242 903 2290 quis
935 2243 1110 2288 credat?
1141 2242 1336 2280 Eiectum
1366 2242 1480 2281 foras
1513 2241 1786 2288 Chremetem

235 2318 381 2366 opinor
426 2318 577 2356 statim
621 2318 723 2366 post·
764 2317 982 2367 Thaidem,
1030 2318 1114 2356 nisi
1154 2317 1242 2356 iam
1284 2317 1446 2366 statim,
1489 2317 1561 2355 ubi
1602 2317 1812 2371 militem*

235 2393 408 2442 gravius
454 2394 711 2432 irascentem
751 2393 870 2442 vidit,
915 2393 1027 2432 clam
1069 2392 1194 2440 abiit;
1238 2393 1386 2431 deinde
1429 2393 1638 2440 quantum
1678 2393 1785 2432 sine-

234 2469 337 2508 bant
372 2469 501 2517 pedes
538 2468 744 2508 curriculo
782 2468 1018 2507 cucurrisse
1054 2469 1103 2506 ut
1148 2468 1267 2515 illam
1305 2468 1616 2515 assequeretur.
1648 2467 1787 2507 Verba

235 2546 381 2583 autem
412 2544 524 2593 „iam
551 2544 723 2593 dudum,
753 2544 968 2582 aetatem”
994 2545 1070 2591 (vs.
1091 2543 1189 2592 734)
1217 2543 1316 2591 quid
1333 2543 1414 2581 sibi
1430 2543 1612 2584 volunt?-
1629 2543 1786 2581 Utrum

234 2630 383 2659 revera
423 2619 484 2658 ita
525 2619 692 2658 videtur
733 2618 960 2667 Chremeti,
1001 2628 1055 2656 an
1086 2618 1289 2656 simulare
1321 2618 1415 2656 vult
1446 2628 1492 2656 se
1525 2618 1786 2666 aliquamdiu

236 2695 345 2743 apud
371 2695 557 2734 militem
582 2694 854 2743 remansisse,
884 2704 937 2740 ne
963 2693 1094 2740 nimis
1121 2693 1203 2733 cito
1231 2693 1372 2732 ebrius
1398 2694 1538 2732 factus
1559 2693 1786 2733 videatur?
