2002 3464
1012 388 1094 429 150

272 510 414 560 philus
455 512 712 550 nominetur.
756 512 809 550 Et
840 507 964 550 acute
996 513 1150 561 repetit
1182 523 1338 551 nomen
1370 513 1672 561 Pamphili:
1706 514 1828 562 quasi

271 597 345 635 per
371 587 720 637 indignationem,
739 588 788 626 ut
804 588 939 626 soceri
957 588 1130 627 auribus
1147 588 1429 627 adolescentis
1446 599 1604 627 nomen
1620 589 1825 636 inculcet;

273 662 429 700 metuit
460 662 575 700 enim
607 673 661 701 ne
692 673 777 701 non
809 663 954 701 audiat
984 663 1105 701 velut
1135 664 1313 702 senex.”

332 739 384 776 37
419 748 481 785 sq.
514 738 621 776 Davi
653 739 754 776 sunt
787 738 917 776 verba
949 738 1001 776 ad
1034 738 1266 786 Mysidem:

418 813 510 851 Nisi
540 823 721 861 puerum
753 813 881 862 tolliS‚
915 813 1003 851 iam
1035 823 1112 861 ego
1147 813 1260 852 hunc
1291 812 1335 851 in
1366 813 1554 851 mediam
1581 813 1699 852 viam

419 888 688 927 Provolvam.

271 964 535 1002 Annotatur:
587 964 707 1012 „dolo
755 964 927 1011 quidem
974 964 1164 1002 minatur
1211 964 1320 1011 quod
1367 964 1558 1002 facturus
1605 975 1690 1003 non
1737 965 1826 1012 est;

271 1050 423 1078 verum
469 1039 615 1077 sedulo
661 1038 703 1077 id
750 1038 839 1086 agit
886 1039 933 1077 ut
974 1039 1061 1077 iam
1103 1048 1208 1087 puer
1239 1038 1415 1077 tollatur
1447 1049 1469 1077 e
1501 1039 1664 1078 medio:
1697 1039 1828 1078 simul

272 1125 371 1153 eum
403 1114 549 1152 servat
580 1113 809 1162 Chremeti,
843 1114 892 1151 ut
923 1113 1014 1161 ipse
1045 1114 1214 1152 recuset
1245 1123 1463 1162 generum,
1493 1124 1579 1152 non
1604 1115 1653 1152 ut
1679 1124 1704 1152 a
1729 1125 1827 1170 quoff

271 1200 400 1238 quam
446 1199 600 1237 passus
645 1188 842 1227 videatur
883 1188 1127 1227 iniuriam.”
1171 1188 1377 1236 Corrupta
1417 1189 1522 1227 haec
1564 1199 1659 1227 esse
1688 1189 1826 1240 video,

270 1266 345 1303 sed
391 1265 491 1313 quid
537 1265 616 1304 sub
662 1265 817 1303 mendo
859 1265 993 1303 latere
1034 1265 1171 1313 possit
1211 1275 1295 1303 non
1326 1264 1463 1303 video,
1497 1265 1724 1304 Klotziana
1753 1275 1828 1314 pro

272 1351 294 1379 e
325 1341 505 1379 medio
537 1340 666 1379 habet
697 1340 751 1378 in
782 1340 1034 1388 medium,
1069 1350 1151 1387 quo
1184 1339 1290 1378 nihil
1321 1338 1580 1388 proficimus.

332 1417 400 1454 56.
458 1415 528 1454 De
579 1415 868 1453 industria
914 1415 976 1453 sic
1023 1415 1282 1463 explicatur:
1334 1414 1401 1463 „id
1448 1415 1514 1454 est
1560 1414 1740 1454 scientia
1785 1416 1830 1454 et

273 1491 552 1539 providentia.
611 1490 671 1528 Ea
727 1490 842 1528 enim
899 1500 1006 1537 quae
1058 1490 1240 1528 dicimus
1287 1490 1330 1528 et
1375 1489 1538 1527 scimus
1584 1490 1828 1538 operatione

273 1566 418 1615 genita
476 1567 518 1604 et
574 1565 785 1604 industria
842 1566 1026 1613 quadam
1083 1565 1287 1603 scimus”
1345 1565 1586 1603 Lenissima
1632 1566 1827 1605 emenda-

271 1642 387 1680 tione
434 1642 561 1689 atque
607 1641 940 1689 transpositione
981 1640 1124 1678 sanari
1166 1641 1271 1678 haec
1311 1641 1512 1688 possunt;
1556 1640 1650 1688 lego
1688 1639 1826 1678 enim:

275 1727 351 1766 „ea
378 1716 493 1755 enim
525 1726 634 1764 quae
666 1716 828 1754 scimus
860 1715 1104 1763 operatione
1137 1715 1295 1763 ingenii
1328 1716 1371 1753 et
1402 1714 1613 1753 industria
1643 1715 1828 1763 quadam

271 1792 539 1830 didicimus?

329 1943 398 1992 IV,
434 1944 472 1991 5,
509 1943 576 1981 23.
606 1941 720 1981 Crito
750 1941 894 1980 audito
921 1942 1150 1989 cognatam
1177 1951 1303 1980 suam
1331 1940 1583 1989 Chrysidem
1610 1941 1828 1980 mortuam

271 2028 378 2066 esse,
409 2018 483 2056 sed
510 2018 698 2065 puellam
725 2027 855 2065 quam
881 2027 955 2065 pro
983 2027 1126 2056 sorore
1154 2017 1400 2055 educaverit
1421 2017 1494 2055 illa
1510 2017 1656 2055 vivere
1673 2026 1825 2064 neque-

269 2093 371 2130 dum
427 2103 551 2131 veros
599 2094 802 2140 cognatos
849 2103 950 2131 suos
997 2092 1226 2141 invenisse,
1277 2091 1497 2139 Chrysidis
1543 2091 1827 2130 hereditatem

267 2169 412 2217 petere
453 2179 538 2207 non
579 2169 684 2218 vult,
728 2169 929 2216 quoniam
973 2168 1156 2216 Glycerii
1188 2168 1245 2206 sit
1277 2174 1332 2206 ex
1364 2177 1510 2215 aequo.
1545 2167 1662 2216 Quod
1693 2166 1825 2206 consi-

267 2243 376 2282 lium
407 2243 478 2282 ubi
511 2243 688 2292 aperuit,
723 2243 785 2282 sic
816 2244 1026 2291 Mysidem
1058 2242 1309 2290 alloquitur:

454 2318 544 2357 Duc
575 2329 646 2357 me
678 2319 731 2357 ad
763 2329 872 2368 eam,
907 2318 1074 2366 quando
1106 2318 1189 2356 huc
1218 2317 1330 2366 veni,
1363 2318 1412 2356 ut
1443 2317 1627 2356 videam.

265 2395 530 2433 Annotatur:
593 2394 687 2443 „vel
743 2394 822 2433 hoc
875 2393 1013 2442 inquit
1063 2394 1121 2432 ut
1166 2393 1398 2431 videam.
1448 2392 1530 2431 Cur
1576 2393 1723 2431 autem
1768 2393 1827 2431 ut

265 2469 517 2508 videam?
550 2469 649 2517 quia
679 2469 818 2508 timet.
848 2469 900 2507 Et
927 2470 994 2507 est
1020 2468 1142 2507 ordo:
1172 2468 1253 2506 duc
1278 2478 1349 2506 me
1377 2468 1429 2506 ad
1457 2478 1552 2506 eam
1579 2468 1628 2506 ut
1654 2467 1826 2506 videam

265 2545 431 2592 quando
474 2544 556 2582 huc
597 2544 738 2582 veni.”
777 2544 902 2582 Haud
934 2543 1059 2582 dubie
1090 2542 1246 2581 mutila
1277 2543 1344 2580 est
1374 2542 1514 2591 prima
1544 2552 1642 2591 pars
1673 2541 1825 2580 scholii

266 2619 348 2664 (vel
368 2641 419 2646 ——
438 2618 647 2666 videam);
681 2618 910 2666 requiritur
938 2618 1043 2656 haec
1069 2617 1306 2655 sententia:
1343 2617 1472 2666 „huc
1502 2617 1630 2656 veni
1661 2617 1719 2655 ut
1749 2626 1776 2654 v
1794 2616 1822 2654 i-

265 2693 420 2731 deam
466 2702 621 2731 sanum
667 2703 752 2731 non
799 2692 1021 2741 praeberet
1068 2692 1287 2730 sensum.’'
1336 2691 1484 2730 Altera
1528 2702 1627 2740 pars
1673 2690 1823 2730 scholii

265 2771 354 2813 (cur
379 2788 435 2795 -
463 2768 602 2813 timet)
635 2768 715 2806 hoc
746 2767 981 2816 significat:
1014 2766 1153 2816 „Crito
1182 2767 1272 2815 ipse
1299 2767 1390 2805 suis
1417 2767 1550 2806 oculis
1578 2766 1823 2815 Glycerium

264 2843 357 2881 vult
405 2843 671 2891 conspicere;
719 2842 961 2891 suspicatur
1008 2841 1123 2880 enim
1165 2851 1211 2879 se
1243 2851 1268 2879 a
1300 2842 1462 2890 Myside
1494 2841 1640 2891 decipi,
1675 2841 1820 2889 Glyce-

264 2918 376 2955 rium
405 2919 479 2956 aut
505 2918 723 2956 mortuam
751 2927 845 2956 esse
873 2918 948 2956 aut
975 2916 1225 2955 iamdudum
1253 2927 1274 2955 e
1303 2916 1521 2965 Chrysidis
1538 2910 1713 2955 aedibus
1729 2926 1819 2964 pro-
