2002 3464
1070 384 1123 422 22

586 508 654 546 Nil
686 508 813 546 habet
844 508 993 547 infelix
1024 510 1251 557 paupertas
1284 509 1429 547 durius
1460 509 1503 547 in
1535 518 1581 547 se

588 584 723 633 Quam
757 585 866 632 quod
896 584 1096 622 ridiculos
1127 585 1323 624 homines
1353 586 1467 624 facit.

312 661 396 699 Res
439 660 725 699 clarissimam
768 659 919 708 accipit
960 660 1101 698 lucem
1143 661 1194 699 ab
1236 660 1288 699 iis
1330 671 1437 708 quae
1477 671 1581 699 mox
1612 660 1860 708 sequuntur.
1924 647 1926 649 ’

311 736 431 773 Nova
471 736 555 783 illa,
601 745 730 782 quam
773 735 940 773 Gnatho
983 735 1168 783 collegae
1209 745 1286 774 suo
1317 735 1513 774 famelico
1546 734 1758 785 describit,
1792 745 1862 775 ars

312 810 606 849 huiuscemodi
649 811 736 848 est:
783 810 1006 859 „homines
1048 820 1203 858 quaero
1246 821 1350 858 quos
1391 811 1524 853 stulta
1555 811 1764 859 quaedam
1794 810 1863 851 sui

313 886 467 934 abripit
499 886 748 933 admiratio;
783 896 888 933 quos
918 885 990 923 ubi
1022 873 1174 924 nactus
1206 896 1304 924 sum

871 961 988 1000 hisce
1020 972 1096 1009 ego
1128 972 1212 1000 non
1244 971 1345 1009 paro
1375 971 1446 1000 me
1476 963 1525 1000 ut
1555 962 1721 1000 rideant

412 1037 492 1075 Sed
524 1037 585 1075 eis
617 1037 729 1075 ultro
762 1036 925 1075 arrideo
958 1038 1000 1075 et
1032 1046 1180 1075 eorum
1212 1036 1382 1084 ingenia
1414 1037 1599 1076 admiror
1630 1036 1772 1075 simul.

313 1112 522 1160 Quoniam
549 1113 695 1151 autern
722 1112 978 1150 vocabulum
1004 1112 1155 1150 ultro
1181 1114 1276 1151 tum
1303 1112 1471 1170 additur
1488 1122 1585 1151 cum
1603 1111 1863 1151 contrarium

311 1187 360 1226 fit
401 1188 492 1226 eius
534 1189 643 1245 quod
685 1188 794 1226 solet
836 1189 1028 1236 quodque
1071 1188 1356 1236 exspectatur,
1391 1188 1501 1226 hanc
1531 1187 1740 1227 habemus
1771 1198 1862 1227 sen-

332 1264 516 1302 entiam:
560 1263 662 1302 olim
703 1263 904 1311 parasitis
945 1264 1024 1302 hoc
1067 1265 1158 1302 erat
1198 1263 1463 1312 propositum
1494 1265 1543 1302 ut
1573 1263 1743 1312 regibus
1773 1263 1860 1303 fau-

311 1339 556 1387 toribusque
589 1339 678 1378 suis
710 1340 846 1378 risum
877 1341 1101 1378 moverent
1132 1340 1202 1378 vel
1230 1339 1369 1378 iocose
1396 1340 1603 1388 loquendo
1629 1340 1700 1379 vel
1725 1341 1865 1380 semet

312 1415 427 1463 ipsos
468 1415 646 1453 ludibrio
685 1425 778 1453 esse
814 1415 1026 1463 patiendo.
1059 1415 1152 1454 Iam
1184 1416 1287 1454 illud
1319 1417 1496 1454 semet
1537 1416 1692 1464 ipsos
1731 1415 1862 1455 ludi-

312 1490 430 1528 brio
460 1501 582 1528 esse
609 1490 727 1538 pati
754 1492 899 1529 nostro
925 1491 1016 1529 1000
1042 1491 1184 1529 verbis
1211 1491 1406 1539 plagas
1432 1491 1547 1539 pati
1576 1490 1861 1539 significatum

313 1567 449 1604 restat
488 1567 536 1604 ut
566 1565 846 1604 ridiculus
879 1576 1002 1604 esse
1034 1576 1138 1604 non
1169 1576 1394 1614 possum
1426 1566 1504 1604 sit:
1539 1566 1788 1608 dicaxesse
1820 1567 1867 1605 etv

312 1641 476 1679 facetus
508 1652 592 1680 non
623 1651 811 1690 possum,
846 1643 972 1689 atque
1004 1641 1285 1679 ridiculus
1316 1641 1430 1679 idem
1462 1641 1571 1689 quod
1596 1639 1863 1692 γελωτοποιός.

316 1716 400 1765 „At
440 1718 579 1755 nunc’'
622 1717 684 1755 510
721 1717 887 1755 Gnatho
919 1717 1056 1764 pergit
1091 1726 1193 1764 „ego
1225 1716 1462 1754 fautoribus
1492 1716 1603 1755 meis
1630 1716 1793 1755 arrideo
1821 1717 1864 1756 et

313 1794 428 1837 (nam
459 1793 650 1840 sequitur
682 1803 762 1840 quo
794 1803 862 1830 res
895 1791 1027 1830 etiam
1058 1791 1133 1830 fiat
1165 1791 1316 1830 clarior
1345 1791 1383 1829 si
1413 1791 1562 1839 possit)

709 1878 871 1906 -eorum
903 1867 1073 1916 ingenia
1104 1867 1290 1906 admiror
1321 1867 1463 1906 simul.

370 1945 598 1992 Nunquam
638 1945 730 1982 tam
772 1943 921 1992 frigide
963 1943 1092 1982 iocari
1132 1942 1195 1981 illi
1236 1944 1415 1991 possunt
1457 1943 1558 1991 quin
1598 1944 1746 1982 tamen
1786 1954 1863 1993 ego

309 2020 471 2059 rideam
503 2019 828 2068 plaudamque.”

400 2095 606 2143 Quidquid
634 2095 790 2143 dicunt,
809 2095 957 2133 laudo:
977 2094 1017 2132 id
1035 2105 1206 2132 rursum
1224 2094 1261 2132 si
1282 2095 1452 2144 negant,
1473 2095 1597 2134 laudo
1615 2094 1657 2133 id
1674 2105 1861 2143 quoque:

398 2171 535 2218 Negat
567 2169 661 2217 quis
693 2180 813 2218 nego,
848 2169 909 2208 ait
941 2169 1019 2207 aio.

309 2247 523 2293 Multoque
556 2245 922 2293 quaestuosiorem
956 2255 1050 2283 esse
1079 2255 1236 2284 novam
1265 2247 1403 2284 artem
1430 2245 1706 2294 parasiticam
1733 2255 1863 2294 quam

307 2323 498 2360 veterem
545 2331 649 2359 mox
696 2320 890 2369 apparuit
943 2331 1040 2359 cum
1088 2321 1131 2358 in
1172 2321 1404 2359 macellum
1445 2320 1737 2359 veniebamus.
1780 2320 1863 2359 Ubi

309 2408 406 2435 cum
448 2397 646 2435 omnibus
689 2396 998 2444 cuppedinariis
1039 2407 1110 2434 me
1153 2396 1196 2434 in
1238 2406 1409 2434 summo
1442 2406 1536 2434 esse
1566 2395 1675 2434 vidit
1705 2396 1863 2439 honore

308 2475 385 2517 (vs,
421 2473 501 2511 261
537 2474 664 2520 sqq.):

905 2548 1033 2586 homo
1067 2547 1206 2596 coepit
1232 2557 1303 2585 me
1335 2547 1566 2596 obsecrare,

483 2624 542 2662 Ut
573 2623 654 2662 sibi
685 2624 833 2662 liceret
866 2624 1028 2662 discere
1060 2623 1101 2662 id
1134 2624 1183 2662 de
1216 2633 1309 2661 me:
1344 2623 1498 2660 sectari
1531 2622 1649 2671 iussi,

483 2699 526 2737 Si
557 2700 668 2748 potis
701 2700 778 2748 est,
813 2701 1036 2747 tamquam
1070 2698 1419 2747 philosophorum
1450 2698 1609 2736 habent

1369 2773 1632 2821 [disciplinae
1664 2783 1718 2811 ex
1754 2772 1877 2821 ipsis.

480 2850 706 2899 Vocabula,
741 2850 918 2898 parasiti
951 2850 1012 2888 ita
1043 2850 1092 2887 ut
1123 2848 1377 2887 Gnathonici
1410 2849 1627 2887 vocentur.

306 2926 413 2963 lllud
454 2925 500 2963 si
542 2925 692 2974 potis
735 2926 820 2964 est
860 2924 1037 2964 Daceria
1072 2923 1224 2962 vertit:
1263 2934 1394 2972 „pour
1425 2923 1518 2962 voir
1540 2923 1615 2961 vs’il
1646 2933 1699 2961 ne
1730 2922 1862 2961 serait
