2002 3464
905 366 986 405 153

111 523 112 526 ,
156 488 310 529 ficant:
348 490 510 540 „nimia
541 489 727 529 Critonis
758 491 981 539 diligentia
1012 492 1056 530 in
1088 501 1168 530 sua
1193 490 1375 539 pecunia
1401 489 1676 538 repetenda.’'
1700 485 1726 534 ¹)

156 566 276 616 Mira,
320 566 474 616 hercle,
518 566 754 606 Latinitas!
789 567 987 607 Klotzius
1018 578 1093 617 pro
1125 577 1296 616 parvo
1329 566 1463 606 edidit
1494 575 1725 615 parvae3

154 640 283 692 male,
315 642 366 682 ut
396 642 557 693 opinor.

672 832 757 871 AD
805 833 1201 875 EUNUCHUM.

210 933 321 973 Prol.
355 934 395 973 9.
426 934 610 973 Nar-rato
642 934 893 974 Phasmatis
925 936 1171 975 Menandrei
1203 935 1461 984 argumento
1492 934 1557 972 sic
1587 934 1728 982 pergit

151 1009 414 1049 Scholiasta:
451 1010 626 1059 „utrum
658 1021 759 1059 ergo
790 1011 872 1050 hoc
902 1012 1017 1051 dicat
1049 1012 1161 1061 quod
1192 1013 1333 1052 totam
1363 1011 1556 1050 fabulam
1588 1010 1725 1049 trans-

149 1084 324 1125 ferendo
353 1084 531 1125 laeserit
560 1086 606 1125 L.
635 1086 855 1137 Lavinius,
885 1098 944 1127 an
969 1088 1042 1127 hoc
1067 1090 1232 1127 tantum
1258 1088 1307 1127 de
1333 1097 1414 1136 quo
1440 1086 1724 1136 reprehendat,

147 1161 224 1201 sed
269 1161 339 1200 his
379 1160 517 1210 signis
559 1161 666 1201 velit
697 1163 924 1203 ostendere
955 1153 1086 1212 quem
1118 1163 1234 1203 dicat
1264 1163 1422 1202 vitiose
1453 1163 1725 1202 Thesaurum

147 1235 442 1286 composuisse
453 1238 502 1276 ?'’
530 1237 749 1278 Vocabula
774 1238 994 1278 inclinatis
1021 1240 1191 1289 depicta
1216 1239 1355 1278 literis
1383 1240 1583 1289 corrupta
1608 1240 1723 1279 sunt.

147 1301 321 1364 Sensus,
362 1313 437 1362 qui
477 1314 721 1365 requiritur,
764 1315 1063 1355 huiuscemodi
1095 1317 1184 1356 est:
1222 1326 1305 1366 „an
1335 1316 1417 1355 hoc
1447 1316 1622 1365 quidem
1654 1327 1724 1356 no-

145 1389 263 1432 mine
293 1400 380 1430 non
410 1391 697 1440 reprehendat
724 1393 808 1420 —”
837 1392 912 1439 (De
939 1392 1227 1432 coniunctivis
1254 1392 1725 1441 ininterrogationibus

144 1465 320 1506 directis
350 1477 392 1506 v.
423 1478 521 1516 pag.
558 1468 639 1514 10).
671 1468 798 1508 Haud
830 1470 1072 1518 spernenda
1103 1479 1204 1518 ergo
1236 1469 1529 1508 Westerhovii
1561 1470 1723 1509 coniec-

143 1542 264 1581 tura:
295 1552 379 1592 „an
403 1543 486 1583 hoc
510 1545 686 1583 tantum
712 1545 839 1595 dicat,
868 1555 954 1585 non
981 1556 1064 1594 quo
1091 1545 1420 1595 reprehendat.”
1440 1545 1724 1585 Sabbadinius

144 1628 205 1658 ac
246 1621 317 1666 (ex
343 1620 588 1667 codicibus)
621 1621 739 1661 dedit
768 1633 844 1671 pro
877 1633 964 1672 an,
1000 1623 1044 1661 et
1075 1633 1236 1671 quam
1269 1623 1423 1662 dicat
1453 1633 1529 1672 pro
1561 1634 1722 1672 quem

144 1693 309 1740 dicat.
344 1695 436 1745 Qua
466 1696 633 1736 ratione
665 1697 767 1746 quid
797 1698 1017 1738 lucremur
1048 1708 1135 1738 non
1165 1699 1303 1738 video.

202 1837 234 1888 Ι,
269 1838 309 1888 2,
343 1838 414 1878 46.
457 1839 675 1879 Potiorem
717 1841 830 1890 apud
871 1841 1081 1881 Thaidem
1124 1853 1220 1882 esse
1262 1843 1450 1882 militem
1483 1843 1719 1892 oportebat,

142 1913 299 1963 quippe
339 1914 412 1963 qui
453 1915 543 1955 iam
585 1917 686 1956 ante
717 1917 976 1958 Phaedriam
1008 1918 1130 1979 illam
1161 1919 1361 1959 habuerit
1392 1919 1595 1958 amicam.
1629 1919 1723 1959 Hoc

141 1988 215 2028 ubi
255 1989 400 2030 docuit
441 1991 684 2046 Scholiasta
720 1993 828 2033 haec
860 1995 1000 2034 addit:
1038 1996 1109 2044 „et
1140 1996 1222 2035 hoc
1253 1996 1347 2035 si'ne
1378 1995 1523 2045 puella
1554 1996 1599 2035 et
1629 2006 1720 2034 mu-

141 2074 295 2105 nerum
341 2076 474 2106 causa
518 2068 709 2108 multum
754 2080 831 2119 pro
877 2071 1018 2110 milite
1066 2072 1217 2111 contra
1257 2071 1517 2111 Phaedriam
1558 2072 1719 2111 valet.”

139 2139 468 2182 Absurdissima
508 2144 668 2194 oratio;
712 2147 964 2195 corruptum
1005 2148 1156 2187 tamen
1192 2148 1337 2187 locum
1368 2159 1454 2187 non
1485 2149 1602 2197 puto.
1639 2148 1722 2188 Hic

140 2215 258 2255 enim
289 2227 445 2257 sensus
476 2220 711 2269 utcumque
740 2231 762 2260 e
789 2222 935 2261 verbis
961 2223 1085 2262 sine
1117 2223 1310 2272 puella
1343 2225 1398 2263 et
1428 2234 1721 2264 munerum

139 2301 311 2333 causa
350 2295 530 2334 extundi
570 2297 736 2345 potest:
784 2297 947 2347 „etiam
989 2309 1076 2338 non
1119 2300 1349 2339 accedente
1391 2301 1549 2351 puella,
1588 2311 1719 2349 quam

137 2367 268 2408 miles
313 2369 352 2408 ei
398 2369 508 2410 dono
550 2371 725 2423 dederit,
769 2373 840 2412 vel
882 2376 1140 2423 argumento
1172 2376 1285 2424 quod
1317 2377 1418 2415 ante
1451 2377 1518 2416 tot
1550 2378 1594 2416 et
1625 2378 1719 2416 tam

137 2453 299 2493 magna
353 2445 393 2484 ei
437 2445 510 2486 ille
556 2447 726 2487 donarit
766 2451 992 2489 munera.’'
1036 2450 1170 2490 Paulo
1213 2451 1451 2500 elegantior
1491 2451 1541 2491 fit
1582 2452 1719 2492 oratio

54 2508 60 2515 ’
134 2519 259 2559 varia
288 2519 473 2561 lectione
503 2523 730 2572 puellae
763 2527 852 2574 (pro
884 2526 1104 2575 puella).

196 2595 268 2635 52.
313 2596 445 2646 „Vult
484 2599 710 2640 ostendere
752 2603 914 2650 quanto
958 2613 1139 2642 munere
1181 2604 1310 2643 miles
1351 2605 1588 2644 Phaedriae
1621 2616 1717 2645 me-

135 2673 333 2712 ruerat
363 2675 610 2724 anteponi.’'
634 2676 988 2717 Westerhovius:
1018 2680 1320 2728 meruerit;
1351 2681 1557 2720 correctio
1585 2682 1734 2721 incer-⁸

135 2746 323 2798 tissima,
358 2749 456 2789 vide
486 2760 582 2800 pag.
621 2752 675 2791 10
707 2752 759 2792 de
792 2753 1081 2794 coniunctivis
1109 2756 1153 2794 et
1179 2745 1428 2795 indicativis
1455 2756 1499 2795 in
1526 2757 1716 2796 scholiis.

174 2886 197 2920 ¹)
233 2885 366 2921 Belgice
402 2885 495 2915 istud
523 2893 649 2922 parvo
677 2888 738 2917 rel
768 2889 954 2919 Critonis
983 2892 1174 2920 tractatu
1203 2891 1251 2921 sic
1280 2892 1496 2922 vertendum:
1527 2893 1626 2930 „door
1653 2902 1716 2924 een
1756 2894 1759 2898 ’

136 2934 358 2973 klemgeosug
376 2937 574 2974 behartigen
591 2940 692 2975 zijner
710 2940 902 2971 flnancieele
920 2943 1086 2979 belangen
1102 2951 1170 2973 van
1189 2944 1229 2973 de
1250 2944 1332 2980 zijde
1350 2951 1418 2974 van
1438 2945 1557 2975 Crito.”
