2002 3464
958 352 1014 391 87

195 475 427 526 maculam,
462 476 580 515 caste
612 474 729 514 enim
762 476 805 514 et
832 475 983 524 pudice
1010 475 1131 515 illam
1159 475 1217 515 ibi
1243 475 1421 515 vixisse.
1450 475 1596 524 Neque
1623 475 1766 523 potest

195 553 277 592 hoc
317 551 411 592 fieri
441 551 526 592 nisi
557 551 651 600 ipsa
681 562 849 600 quoque
882 551 1060 600 Chrysis
1091 552 1292 592 omnibus
1318 552 1460 591 modis
1486 551 1766 590 meretricum

193 629 324 678 vulgo
365 628 606 676 eximatur3
649 627 713 666 sic
754 638 854 676 ergo
896 628 948 667 de
991 638 1042 667 ea
1084 628 1202 668 Simo
1243 628 1397 668 liberto
1429 638 1507 667 suo
1539 627 1687 666 narrat
1717 627 1767 664 ut

194 705 399 754 appareat
439 714 525 744 non
566 705 719 754 sponte
762 715 860 743 eam
892 707 1124 753 quaestum
1155 705 1280 745 illum
1312 706 1592 745 inhonestum
1624 713 1764 742 susce-

191 780 308 830 pisse
338 780 415 820 sed
445 780 631 820 invitam
661 780 778 819 fame
810 781 939 829 atque
971 781 1114 830 inopia
1145 782 1199 821 ad
1226 792 1326 821 eum
1354 792 1450 821 esse
1478 779 1761 829 compulsam.

192 855 288 896 Huc
318 857 518 906 spectant
547 855 667 895 senis
696 856 830 895 verba
859 867 925 896 vs.
960 857 1038 896 70:

460 932 526 971 Ex
556 919 702 972 Andro
735 932 1041 981 commigravit
1072 934 1156 973 11110
1186 934 1372 973 viciniae

457 1008 608 1058 Inopia
639 1010 683 1048 et
714 1010 997 1058 cognatorum
1029 1010 1293 1059 negligentia

239 1128 243 1131 ,
452 1070 622 1125 “boacta

188 1156 234 1202 et
260 1156 340 1201 ‘illa
369 1171 458 1201 vss.
493 1162 549 1201 74
581 1171 669 1210 sq.:

457 1236 603 1277 Primo
634 1238 742 1278 haec
771 1238 924 1288 pudice
955 1238 1095 1278 vitam
1126 1249 1253 1288 parce
1285 1240 1329 1278 et
1361 1238 1524 1278 duriter

456 1314 637 1365 Agebat,
670 1314 773 1354 lana
803 1325 853 1354 ac
884 1314 973 1354 tela
1003 1315 1172 1354 victum
1204 1314 1454 1364 quaeritans

189 1391 335 1437 (verba
375 1391 524 1432 autem
564 1391 782 1431 victum
824 1392 868 1431 et
903 1391 1242 1440 quaeritans
1273 1391 1335 1431 ita
1367 1391 1604 1431 illustravit
1635 1391 1785 1430 Seno·

187 1467 319 1508 liasta
347 1467 398 1507 ut
429 1478 486 1507 ex
516 1467 571 1507 iis
602 1467 899 1517 intelligamus
926 1467 1150 1517 Chrysidis
1176 1468 1315 1507 vitam
1342 1468 1476 1507 simul
1501 1467 1762 1507 laboriosam

186 1543 322 1583 fuisse
363 1544 409 1584 et
449 1543 663 1593 frugalem
704 1543 999 1593 inopemque);
1043 1544 1140 1594 11110,
1174 1545 1223 1583 111
1254 1544 1340 1583 alia
1371 1544 1574 1583 omittam
1607 1544 1760 1593 multa,

187 1618 282 1660 eius
313 1619 365 1660 de
393 1619 594 1670 ‚Glycerio
625 1620 817 1669 primum
849 1630 875 1659 a
905 1630 953 1660 se
985 1621 1216 1669 conspecta
1246 1619 1449 1659 narratio.
1482 1618 1761 1670 „Conspicio”

189 1695 252 1735 ait
282 1695 396 1735 inter
425 1696 632 1736 mulieres
659 1706 768 1745 quae
795 1696 975 1735 aderant
1001 1696 1046 1735 in
1063 1696 1287 1745 Chrysidis
1312 1696 1463 1735 funere
1494 1696 1761 1746 „adolescen-

186 1771 339 1822 tulam,
372 1771 498 1811 vultu
1113 1818 1118 1824 ,

456 1848 575 1888 Adeo
606 1848 817 1898 modesto,
852 1849 957 1888 adeo
989 1850 1186 1898 venusto,
1222 1849 1363 1887 ut'nil
1394 1859 1536 1898 supra.

459 1923 575 1974 Quae
606 1935 739 1973 quom
770 1925 879 1964 mihi
910 1925 1143 1965 lamentari
1174 1926 1345 1974 praeter
1377 1926 1544 1964 ceteras

455 2000 616 2051 Visast,
651 2002 695 2040 et
726 2001 827 2050 quia
858 2003 952 2041 erat
982 2002 1125 2041 forma
1155 2003 1326 2051 praeter
1358 2003 1525 2041 ceteras

456 2077 653 2116 Honesta
683 2087 734 2116 ac
764 2077 943 2128 liberali,
979 2078 1134 2117 accedo
1167 2078 1220 2117 ad
1252 2078 1552 2127 pedisequas.''

190 2152 322 2193 Cuius
352 2153 435 2194 loci
466 2154 696 2194 consilium
723 2154 893 2204 egregie
926 2154 1168 2194 Scholiasta
1200 2154 1390 2204 exponit.

250 2454 343 2494 Duo
369 2456 518 2495 autem
544 2456 652 2496 haec
678 2455 872 2507 artificia,
902 2458 996 2496 tam
1023 2457 1141 2507 illud,
1160 2467 1243 2505 quo
1260 2456 1497 2496 urbanitati
1514 2455 1764 2504 consulitur,

188 2541 322 2581 quam
363 2532 446 2572 hoc
487 2543 571 2582 quo
611 2534 706 2573 tota
746 2534 892 2573 fabula
932 2533 982 2573 fit
1022 2533 1289 2583 verisimilis,
1334 2533 1533 2581 equidem
1577 2531 1766 2571 Terentii

188 2607 325 2648 fuisse
355 2609 527 2658 propria
558 2619 724 2660 censeo,
758 2598 983 2659 multaque
1016 2610 1102 2650 alia
1128 2601 1238 2659 quae
1264 2611 1313 2649 ut
1340 2610 1385 2648 in
1412 2609 1528 2648 clara
1554 2609 1768 2658 ponantur

189 2684 285 2724 luce
329 2684 618 2724 Scholiastam
659 2687 752 2725 tam
795 2686 1044 2735 frequenter
1075 2687 1120 2726 et
1152 2687 1246 2725 tam
1278 2685 1427 2725 sedulo
1460 2686 1560 2724 dare
1593 2694 1769 2734 operam

190 2760 402 2800 videmus.
431 2760 492 2799 Ea
516 2762 774 2810 praesertim
803 2762 1071 2802 scholiastae
1098 2763 1295 2801 mentem
1323 2762 1367 2800 in
1394 2772 1440 2800 se
1464 2750 1771 2800 converterunt

189 2845 300 2884 quae
347 2845 491 2875 nova
535 2837 680 2885 posuit
726 2838 954 2878 Terentius
1001 2839 1050 2877 ut
1097 2839 1273 2887 poetam
1317 2837 1530 2877 Graecum
1572 2836 1770 2875 redderet

188 2912 498 2952 venustiorem.
538 2913 679 2962 Atque
712 2924 842 2964 saepe
874 2915 1050 2964 quidem
1083 2914 1259 2955 disertis
1290 2914 1434 2954 verbis
1466 2913 1591 2957 dicit:
1630 2913 1767 2965 „apud
