2002 3464
1010 364 1091 403 172

267 489 316 526 ut
357 489 548 537 arbitror,
593 489 975 528 subaudiendum.’'
1010 490 1149 529 Immo
1180 501 1304 529 vero:
1341 492 1448 540 „erit
1478 491 1544 530 bis
1576 492 1824 532 arbitror

267 563 649 603 subaudi-endum.”

328 639 547 687 Sequitur:
600 640 737 689 „hanc
781 651 884 680 sane
931 641 1194 680 locutionem
1240 641 1349 680 scire
1396 643 1612 692 debemus,
1654 643 1825 692 propter

267 725 494 763 personam
538 715 843 755 elaboratam.”
887 716 1070 754 Multum
1111 715 1180 755 hic
1222 717 1430 756 sudarunt
1472 717 1630 766 critici3
1672 728 1823 758 verum

268 790 359 828 dele
399 790 613 838 virgulam
654 792 752 839 post
793 791 1067 841 debemus,
1102 791 1334 831 sanissima
1365 794 1489 832 erunt
1520 794 1677 833 omnia.
1710 793 1823 832 Per-

267 875 402 904 sona
443 865 738 905 elaborata
779 867 901 905 nihili
943 869 1021 916 est,
1066 867 1140 906 sed
1172 867 1328 907 locutio
1361 870 1428 907 est
1459 869 1676 908 elaborata
1705 879 1824 918 prop-

267 942 333 979 ter
372 951 613 991 personam,
657 943 682 981 i.
713 953 747 982 e.
791 944 839 982 ut
880 943 1072 982 moribus
1114 943 1340 983 conveniat
1380 954 1586 993 personae
1626 951 1734 993 quae
1775 955 1826 984 ea

268 1015 415 1055 utitur.

329 1092 350 1130 7
385 1102 447 1139 sq.
1504 1125 1511 1133 ,

447 1167 516 1217 Sy.
552 1168 584 1207 Ο
613 1167 834 1217 Ctesipho!
858 1168 913 1208 Oc.
934 1169 966 1208 O
986 1170 1111 1218 Syre!
1132 1170 1374 1209 Aeschinus
1390 1171 1462 1209 ubi
1480 1172 1577 1209 est?
1596 1169 1666 1220 Sy.
1684 1170 1826 1210 Ellum

1038 1246 1095 1291 [te
1132 1247 1356 1294 exspectat
1387 1246 1514 1285 domi.
1551 1244 1606 1285 Gt.
1639 1246 1765 1286 Hem,

448 1318 517 1368 Sy.
553 1319 658 1368 Quid
686 1321 784 1359 est?
814 1319 869 1359 Gt.
900 1320 1005 1369 Quid
1032 1321 1121 1359 sit?
1147 1321 1262 1360 illius
1289 1331 1427 1370 opera,
1448 1322 1564 1371 Syre,
1583 1331 1696 1360 nunc
1713 1321 1823 1371 vivo,

1363 1397 1583 1446 [festivum
1615 1398 1763 1446 caput!

268 1470 329 1509 De
370 1470 644 1509 festivum
689 1473 854 1520 caput
894 1468 1123 1520 postquam
1164 1473 1274 1511 dixit
1314 1483 1409 1511 esse
1450 1473 1522 1521 qui
1562 1472 1648 1512 illis
1683 1473 1826 1512 verbis

269 1545 500 1594 significari
541 1547 693 1594 putent
733 1557 818 1585 non
859 1547 1124 1586 Aeschinum
1165 1548 1239 1586 sed
1280 1548 1452 1586 initium
1494 1547 1710 1598 orationiS,
1744 1558 1826 1596 quo

269 1619 469 1669 Ctesipho
496 1622 642 1671 utitur,
672 1622 778 1660 haec
804 1622 921 1661 addit
948 1622 1208 1662 Scholiasta:
1241 1623 1377 1671 „quod
1404 1622 1441 1661 si
1468 1623 1546 1672 est,
1562 1611 1670 1661 'nihil
1685 1623 1828 1671 potest

269 1706 398 1744 supra
433 1697 544 1735 hanc
574 1697 878 1747 laudationem,
913 1707 1015 1736 nam
1046 1707 1175 1746 supra
1205 1698 1286 1737 hoc
1316 1698 1479 1736 factum
1511 1698 1592 1736 erit
1623 1698 1826 1747 accipien-

269 1771 414 1810 dum.''
442 1772 582 1811 Merae
608 1773 830 1812 tenebrae!
860 1773 1031 1821 Aliquid
1058 1774 1206 1812 tamen
1232 1773 1340 1812 lucis
1367 1773 1518 1812 afferre
1534 1783 1734 1822 possum:
1752 1784 1827 1822 pro

269 1858 436 1896 supra
477 1848 574 1886 hoc
617 1849 828 1887 factum
871 1849 983 1886 haud
1017 1849 1162 1887 dubito
1195 1849 1297 1896 quin
1329 1849 1454 1897 Syri
1485 1849 1585 1888 hoc
1615 1848 1827 1887 dictum

268 1922 326 1961 sit
371 1922 612 1971 legendum.
660 1923 712 1962 Et
757 1923 942 1962 fortasse
984 1923 1047 1962 616
1087 1924 1205 1962 totus
1246 1924 1365 1962 locus
1406 1925 1672 1972 persanatur.
1715 1923 1827 1963 Raro

269 1998 384 2036 enim
416 1998 563 2037 laudat
595 1999 739 2048 Syrus,
775 2009 874 2047 ergo
907 1998 999 2038 eius
1030 1999 1179 2038 laudes
1210 1999 1387 2038 maioris
1419 2000 1521 2038 sunt
1546 1998 1671 2048 pretii
1697 2008 1828 2047 quam

268 2074 508 2112 ceterorum
539 2075 746 2113 omnium.

327 2150 352 2187 9
385 2159 447 2196 sq.

447 2224 555 2273 Quin
598 2224 743 2263 omnia
779 2223 860 2262 sibi
891 2224 1158 2273 postputavit
1191 2234 1285 2263 esse
1316 2234 1418 2273 prae
1449 2235 1546 2263 meo
1579 2224 1826 2263 commodo:

445 2299 681 2349 Maledicta,
723 2299 900 2349 famam,
943 2310 1091 2339 meum
1133 2309 1325 2338 amorem
1367 2301 1411 2339 et
1450 2300 1675 2348 peccatum
1706 2299 1750 2338 in
1781 2309 1828 2338 se

1517 2374 1766 2421 [transtulit.

271 2450 531 2490 Scholiasta:
576 2451 706 2498 quin
748 2451 944 2496 omnia]
993 2450 1273 2500 „admirative
1305 2450 1447 2500 quin,
1482 2451 1525 2489 et
1555 2450 1619 2489 sic
1646 2459 1826 2500 pronun-

270 2526 466 2565 tiandum
507 2525 621 2575 quin,
659 2524 702 2564 τὸ
733 2524 927 2577 παρέλκον
959 2536 1094 2574 usque
1126 2526 1178 2564 ad
1209 2525 1537 2576 maledicta,
1580 2509 1826 2564 famamf'

271 2601 605 2650 Corruptissima
650 2602 756 2640 haec
802 2602 930 2650 atque
976 2602 1037 2640 sic
1084 2601 1170 2640 fere
1212 2601 1500 2640 emendanda:
1547 2599 1828 2650 „admirative

271 2678 401 2726 quin
428 2679 469 2716 et
490 2678 881 2726 pronuntiandum’'
911 2678 1401 2726 (pronuntiandum
1428 2677 1574 2716 autem
1590 2674 1825 2725 significat:

275 2763 404 2803 „voce
435 2754 644 2801 gestuque
676 2753 833 2792 actoris
860 2753 1193 2802 adiuvandum,’'
1221 2763 1261 2791 v.
1290 2763 1329 2801 p.
1362 2753 1471 2798 105).
1490 2752 1649 2790 Deinde
1665 2761 1827 2790 novum

272 2828 464 2876 sequitur
510 2829 724 2867 scholion:
772 2826 838 2878 ,,τὸ
885 2825 1080 2880 παρέλκον
1120 2838 1255 2876 usque
1297 2828 1349 2866 ad
1389 2827 1716 2876 maledicta,
1758 2826 1824 2864 fa-

272 2904 453 2953 mam,”
493 2903 519 2943 i.
539 2914 573 2942 e.
621 2905 744 2954 „post
786 2903 971 2943 omnia
1010 2900 1190 2955 παρέλκει
1230 2903 1556 2951 maledicta,
1599 2902 1824 2951 famam,
