2002 3464
515 906 833 980 CAPUT
896 905 1388 994 QUARTUM.

218 1268 286 1308 Ad
331 1278 426 1309 rem
472 1280 587 1308 nunc
634 1269 789 1308 accedo
831 1268 1006 1317 plenam
1047 1267 1249 1316 periculi:
1295 1268 1346 1307 de
1389 1268 1579 1307 Terentii
1621 1268 1738 1307 enim

113 1343 120 1349 '
158 1345 353 1392 dicturus
379 1355 479 1384 sum
506 1344 768 1394 inventione,
793 1345 838 1383 et
854 1344 943 1383 scio
960 1354 1220 1392 persuasum
1237 1354 1333 1383 esse
1351 1345 1504 1383 debere
1522 1345 1736 1394 omnibus

158 1420 232 1470 qui
286 1431 373 1460 non
429 1420 555 1470 plane
602 1421 646 1459 in
693 1421 843 1460 nostra
889 1421 1116 1470 disciplina
1162 1420 1356 1470 hospites
1403 1421 1540 1460 videri
1586 1420 1735 1469 velint,

157 1497 342 1550 Latinos*
360 1497 594 1547 scriptores
619 1497 702 1536 hac
728 1497 975 1536 inveniendi
1002 1497 1209 1536 facultate
1235 1497 1362 1546 plane
1389 1498 1593 1536 caruisse.
1614 1496 1737 1536 Certe

157 1572 240 1613 hoc
279 1573 496 1613 inculcare
536 1573 679 1612 solent
710 1573 932 1622 discipulis
964 1573 1146 1622 aliisque
1177 1574 1260 1613 viri
1291 1584 1468 1613 summa
1498 1574 1738 1623 sapientiae

156 1649 284 1689 laude
316 1649 549 1699 conspicui.
584 1649 667 1688 Sed
698 1649 808 1688 mihi
840 1659 939 1688 cum
971 1635 1144 1699 semper
1175 1650 1457 1689 temerarium
1490 1650 1635 1689 visum
1669 1650 1737 1688 est

158 1725 211 1765 de
250 1725 343 1766 toto
383 1725 539 1775 populo
581 1725 799 1764 declarare
841 1726 1054 1765 eiusmodi
1095 1726 1268 1776 aliquid,
1313 1728 1408 1766 tum
1452 1727 1503 1765 de
1535 1726 1735 1765 Terentio

156 1811 294 1852 paene
334 1802 564 1842 ridiculum
605 1802 790 1842 videtur.
835 1801 943 1851 Quid
985 1803 1135 1841 enim?
1176 1803 1320 1852 Magni
1362 1804 1430 1842 est
1466 1803 1627 1852 ingenii
1669 1802 1736 1841 vir

157 1879 398 1929 Terentius,
435 1878 586 1918 literas
624 1878 810 1918 Graecas
842 1879 886 1917 et
917 1879 1121 1927 quidquid
1152 1880 1248 1918 tum
1281 1880 1374 1918 erat
1405 1879 1659 1918 Latinarum
1691 1879 1735 1918 in

12 1962 19 1995 ⁷.
80 1987 82 1990 .
149 1965 338 2002 ‚succum
369 1954 502 1994 vertit
533 1954 888 2004 sanguinemque,
922 1956 990 1994 est
1020 1956 1244 2004 praeterea
1269 1946 1374 1995 Afer
1399 1955 1596 1994 natione:
1627 1955 1734 1995 eius-

157 2031 332 2071 modine
382 2031 539 2080 virum,
593 2030 778 2070 simulac
828 2030 981 2070 L'atine
1031 2031 1218 2070 scribere
1260 2031 1449 2081 incipiat,
1489 2031 1736 2070 inveniendi

156 2107 426 2157 facultatem,
469 2117 602 2156 quam
643 2107 758 2146 haud
799 2107 926 2146 dubie
958 2118 983 2147 a
1014 2109 1171 2147 natura
1202 2107 1371 2158 habeat,
1406 2108 1608 2147 amittere
1641 2117 1733 2147 cen-

157 2184 367 2223 seamus?
422 2183 570 2231 Neque
620 2184 770 2222 tamen
816 2183 887 2222 hic
933 2185 1076 2223 certae
1122 2184 1495 2223 nobilissimorum
1543 2183 1734 2222 virorum

157 2259 402 2299 sententiae
445 2269 656 2308 opponere
698 2259 912 2307 quaedam
953 2260 1170 2309 auderem,
1216 2260 1301 2298 nisi
1342 2270 1414 2298 me
1456 2260 1501 2298 in
1533 2259 1734 2298 Terentio

158 2335 232 2375 diu
273 2335 548 2383 multumque
585 2335 810 2374 versatum
843 2335 990 2374 multa
1015 2337 1230 2384 cogerent.
1265 2335 1434 2384 Cogunt
1464 2345 1536 2374 me
1568 2334 1734 2373 multae

20 2398 33 2434 ἶ
86 2437 104 2467 3
157 2420 429 2460 magnaeque
460 2410 596 2459 ipsius
626 2410 825 2461 virtuteS,
860 2411 975 2460 cogit
1007 2411 1199 2450 virorum
1232 2411 1659 2460 elegantissimorum
1692 2412 1734 2449 et

157 2486 359 2526 Terentio
385 2487 529 2525 aetate
555 2486 891 2535 propinquorum
914 2485 1133 2536 iudicium,
1154 2487 1230 2526 sed
1246 2497 1348 2536 prae
1366 2487 1521 2526 ceteris
1539 2487 1736 2536 egregiae

158 2562 371 2611 quaedam
419 2563 578 2611 cogunt
618 2561 775 2602 Donati
817 2547 1167 2610 annotationes:‚
1189 2563 1258 2602 his
1300 2563 1417 2602 enim
1460 2563 1638 2602 demum
1681 2563 1736 2601 ef-

159 2636 302 2678 ficitur
331 2639 382 2677 ut
412 2637 662 2678 Terentium
694 2639 935 2688 intelligere
966 2639 1199 2688 possimus.
1520 2691 1522 2693 ‚
1654 2626 1657 2629 ”
1705 2635 1715 2642 “

219 2714 402 2753 Initium
426 2714 586 2753 faciam
609 2724 635 2753 a
651 2715 895 2754 notissimis
911 2715 998 2754 illis
1016 2714 1213 2754 Caesaris
1232 2716 1276 2754 et
1293 2714 1511 2754 Ciceronis
1527 2715 1738 2764 versibUS,

159 2790 316 2839 quibus
343 2790 588 2831 continetur
615 2790 728 2838 quod
755 2792 899 2830 aetate
927 2791 1174 2830 maximum
1204 2792 1351 2830 exstat
1378 2791 1430 2829 de
1448 2792 1576 2839 poeta
1592 2792 1740 2829 nostro

159 2866 380 2906 iudicium.
423 2866 489 2906 Ex
527 2866 613 2905 illis
657 2869 836 2916 apparet
878 2867 1100 2906 Menandri
1133 2867 1322 2906 colorem
1354 2877 1380 2906 a
1411 2866 1613 2906 Terentio
1646 2869 1742 2906 esse

159 2943 394 2982 mutatum.
428 2942 482 2982 Et
513 2942 659 2982 Cicero
686 2943 861 2991 quidem
886 2943 1057 2991 tectius,
1088 2942 1246 2981 Caesar
1275 2942 1466 2991 apertius
1495 2942 1743 2991 significant

1566 3013 1599 3040 14
