2002 3464
959 388 1012 428 77

757 598 903 637 Acrns
933 596 972 635 V
999 597 1143 636 SCENA
1177 597 1216 636 7.

253 744 491 792 Postquam
537 741 646 781 satis
693 740 844 780 derisit
884 739 1065 788 Pythias
1109 739 1408 778 adversarium
1450 749 1475 778 a
1517 750 1566 778 se
1609 739 1772 778 astutia

193 821 446 871 superatum
472 819 651 858 domum
678 817 779 866 abit,
809 817 853 855 et
879 817 1024 854 stante
1052 815 1186 854 etiam
1212 815 1286 854 illo
1308 818 1408 855 ante
1426 816 1589 855 ostium
1606 815 1770 854 Thraso

195 896 448 945 Gnathoque
490 894 748 941 adveniunt;
787 892 859 931 ille
891 892 992 941 quid
1024 891 1106 930 sibi
1137 892 1244 931 velit
1277 902 1302 931 a
1334 892 1560 931 Gnathone
1592 892 1770 940 rogatus

193 971 424 1023 respondet
455 973 534 1018 (vs.
572 971 724 1016 1026):

311 1047 487 1097 Egone?
503 1047 553 1086 ut
569 1045 721 1085 Thaidi
737 1055 809 1084 me
827 1044 982 1083 dedam
1005 1045 1048 1083 et
1064 1044 1223 1083 faciam
1241 1044 1352 1093 quod
1370 1044 1527 1083 iubeat.
1549 1043 1656 1094 Quid
1674 1044 1773 1082 est?

251 1124 372 1164 Haec
402 1123 520 1163 enim
551 1121 763 1161 Thrasoni
795 1121 927 1160 verba
953 1121 1027 1159 dat
1052 1120 1383 1160 Westerhovius
1410 1120 1569 1170 omnia,
1599 1121 1643 1159 et
1669 1120 1773 1159 illud

192 1200 367 1250 quidem
404 1199 541 1249 Quid
574 1200 661 1238 est
692 1197 961 1236 Thrasonem
994 1197 1210 1236 dicentem
1242 1197 1358 1246 facit,
1393 1197 1465 1235 ubi
1498 1196 1773 1235 Gnathonem

191 1277 311 1317 videt
343 1276 657 1324 admirantem;
691 1276 786 1314 tum
821 1274 1119 1313 Gnathonem:

311 1352 392 1403 Qui
421 1352 568 1391 minus
600 1361 732 1400 quam
764 1350 973 1390 Hercules
1006 1351 1188 1390 servivit
1220 1350 1495 1399 Omphalae?

194 1430 238 1469 et
269 1428 565 1468 Thrasonem:

312 1504 566 1554 exemplum
597 1503 751 1553 placet.

181 1582 419 1627 ¹Postremo
451 1580 726 1621 Gnathonem
759 1591 987 1620 aversum:

309 1657 492 1697 Utinam
522 1657 602 1696 tibi
633 1657 924 1706 commitigari
955 1658 1130 1696 videam
1162 1658 1356 1697 sandalio
1390 1659 1541 1707 caput!

251 1734 462 1784 Equidem
488 1734 540 1772 de
568 1733 705 1783 Quid
728 1734 814 1772 est
835 1733 1138 1773 Westerhovio
1156 1735 1394 1783 assentior;
1413 1735 1490 1773 sed
1506 1735 1650 1773 totum
1667 1734 1770 1773 hoc:

311 1810 488 1860 Egone?
503 1810 564 1849 Ut
581 1809 733 1849 Thaidi
750 1820 821 1848 me
839 1809 994 1848 dedam
1012 1811 1055 1849 et
1071 1810 1230 1862 faciam
1248 1811 1359 1859 quod
1377 1811 1534 1849 iubeat.
1551 1810 1658 1860 Quid
1671 1812 1738 1849 est
1750 1811 1770 1849 ἰ)

313 1886 393 1937 Qui
422 1887 570 1926 minus
601 1896 733 1935 quam
765 1885 975 1925 Hercules
1007 1886 1190 1925 servivit
1223 1885 1493 1936 Omphalae?

253 1963 465 2003 Thrasoni
486 1962 676 2002 dandum
694 1972 860 2001 censeo.
879 1962 986 2001 Vide
1005 1962 1307 2012 Scholiastam‚
1328 1963 1399 2011 qui
1413 1963 1579 2002 confert
1591 1973 1655 2002 vs,
1671 1964 1769 2012 783,

194 2038 266 2078 ubi
307 2039 415 2078 item
456 2038 585 2077 miles
629 2038 680 2077 de
722 2048 769 2076 se
801 2048 964 2087 suoque
995 2038 1133 2078 sacto:
1171 2039 1313 2087 „idem
1345 2039 1427 2078 hoc
1459 2039 1547 2078 iam
1579 2039 1772 2088 Pyrrhus

194 2115 453 2155 factitavit.”
482 2114 592 2154 Tum
620 2114 894 2154 Gnathonem
922 2114 1038 2154 clara
1063 2125 1169 2154 voce
1197 2115 1414 2154 dicentem
1440 2115 1574 2154 facio:
1604 2126 1774 2164 „exem-

194 2191 315 2240 plum
345 2191 529 2241 placet‚”
563 2190 803 2230 summissa
835 2191 983 2230 autem
1016 2201 1329 2240 aversumque:

372 2267 554 2307 Utinam
585 2267 664 2306 tibi
697 2267 990 2316 commitigari
1020 2267 1194 2307 videam
1226 2268 1420 2307 sandalio
1454 2270 1594 2317 caput.

257 2343 406 2383 Subito
463 2353 489 2383 a
535 2343 696 2383 Thaide
756 2343 871 2383 fores
919 2345 1096 2393 crepant
1141 2345 1394 2394 prosilitque
1442 2344 1645 2384 Chaerea.
1694 2344 1776 2383 Hic

198 2419 364 2460 Thraso
402 2430 470 2459 vs.
509 2420 660 2466 1029):

614 2496 751 2536 Perii:
785 2497 886 2546 quid
917 2497 999 2537 hoc
1031 2499 1224 2537 autemst
1255 2498 1394 2538 mali?

197 2571 456 2612 Rectissime
500 2572 764 2612 Scholiasta:
812 2574 1033 2624 „Eunuchi
1075 2574 1225 2613 habitu
1262 2575 1337 2614 sed
1369 2574 1483 2614 virili
1517 2574 1776 2614 confidentia

197 2648 365 2696 prosilit
403 2647 592 2687 Chaerea
624 2650 667 2687 et
698 2649 886 2688 militem
918 2650 1038 2688 velut
1070 2651 1170 2690 novi
1203 2651 1351 2690 rivalis
1383 2653 1518 2690 terret
1554 2652 1774 2700 aspectu.”
