2002 3464
997 382 1078 420 190

322 505 374 543 27
409 514 498 553 sqq.
532 504 672 544 Verba
702 506 804 544 sunt
835 506 1033 544 Lachetis
1065 517 1242 548 uxorem
1280 509 1650 557 reprehendentis:

380 580 468 618 Rus
499 580 741 619 habitatum
774 581 869 630 abii,
905 582 1139 620 concedens
1170 583 1290 621 vobis
1323 585 1366 622 et
1397 584 1457 622 rei
1489 584 1694 634 serviens,

380 655 557 693 Sumtus
589 657 756 694 vestros
789 656 1008 704 otiumque
1040 658 1088 695 ut
1119 658 1266 696 nostra
1296 668 1364 697 res
1395 660 1541 707 posset
1572 659 1674 708 pati,

379 732 469 769 Meo
481 731 615 769 labori
627 731 740 769 haud
752 739 930 780 parcens
941 734 1109 780 praeter
1121 743 1302 780 aequom
1314 735 1440 782 atque
1453 736 1641 773 aetatem
1653 745 1813 775 meam.

378 807 470 845 Non
502 807 543 844 te
575 817 649 854 pro
682 805 749 844 his
781 817 953 845 curasse
985 808 1123 857 rebus,
1157 818 1210 846 ne
1242 808 1340 856 quid
1372 819 1496 857 aegre
1529 811 1645 848 esset
1676 810 1815 849 mihi?

261 881 491 921 Praeter
533 883 785 929 aequom]
834 882 959 931 „quia
990 892 1067 921 vos
1099 883 1204 921 estis
1237 884 1439 923 domini.”
1473 885 1613 923 Immo
1646 885 1814 924 domi:

264 967 378 1006 ‚‚vos‚
426 956 641 1006 mulieres
691 957 852 995 otiosae
900 957 1014 995 domi
1062 958 1286 1008 sedebatis,
1337 959 1439 997 dum
1489 970 1565 1008 ego
1612 960 1700 998 ruri
1744 969 1816 999 me

261 1032 591 1080 defetigabam.'’

321 1108 388 1146 39.
422 1107 666 1155 Respondet
696 1107 852 1146 marito
885 1108 1100 1147 Sostrata:

380 1181 458 1231 Qui
487 1183 584 1232 scis,
620 1193 674 1220 an
706 1192 756 1220 ea
787 1192 927 1232 causa,
961 1183 1022 1220 mi
1054 1183 1144 1234 vir,
1165 1194 1235 1223 me
1267 1184 1406 1223 odisse
1438 1184 1762 1241 adsimulaverit

379 1258 438 1296 Ut
470 1268 568 1296 cum
599 1259 739 1297 matre
771 1268 855 1297 una
885 1258 980 1306 plus
1013 1259 1160 1297 esset?
1782 1308 1787 1313 ἴ

260 1333 329 1372 Ut
371 1344 488 1372 cum
528 1335 706 1372 matre
748 1344 851 1372 una
886 1334 1012 1382 plus
1043 1336 1220 1380 esset]
1259 1333 1487 1384 „Zdawnncbg
1519 1335 1640 1385 dixit,
1675 1336 1717 1375 id
1748 1338 1816 1375 est

261 1409 332 1447 diu
378 1420 427 1448 ac
473 1410 681 1448 maiorem
727 1410 937 1457 partem.”
987 1409 1208 1449 Sententia
1254 1411 1367 1449 haud
1410 1411 1533 1450 dubie
1575 1411 1681 1450 haec
1723 1413 1813 1451 est:

264 1484 439 1533 „rustici
486 1486 552 1523 est
597 1485 731 1524 oratio
772 1485 896 1533 plus
937 1485 1075 1523 dicere
1116 1486 1168 1524 ad
1199 1487 1370 1534 tempus
1402 1485 1718 1525 indicandum.”
1752 1485 1812 1526 of.

262 1560 398 1599 Schol.
428 1561 477 1599 de
504 1561 670 1608 impuro
698 1570 895 1598 sermone
922 1560 1074 1598 militis
1100 1561 1144 1598 in
1170 1560 1373 1599 Eunucho
1400 1561 1527 1600 huius
1553 1561 1649 1600 libri
1675 1571 1714 1610 p.
1744 1561 1812 1600 78.

263 1636 343 1674 Sed
375 1636 464 1674 diu
496 1646 554 1674 ac
586 1638 845 1684 corruptum.
880 1635 1088 1674 Coniicio:
1123 1636 1248 1674 diei.

321 1785 373 1834 Π,
409 1785 446 1834 2,
482 1785 549 1823 20.
582 1784 721 1823 Verba
752 1785 951 1823 Lachetis
984 1784 1035 1823 ad
1068 1784 1347 1832 Phidippum:

378 1860 523 1908 Neque
555 1860 658 1898 adeo
692 1860 802 1898 clam
834 1870 904 1898 me
937 1861 1014 1909 est,
1049 1854 1190 1907 quam'
1211 1869 1306 1898 esse
1338 1869 1437 1898 eum
1471 1862 1542 1905 (sc.
1575 1858 1712 1898 filium

993 1937 1169 1981 [meum)
1202 1935 1390 1984 graviter
1420 1935 1610 1974 laturum
1645 1935 1815 1974 credam

379 2011 471 2049 Hoc
512 2011 548 2049 si
584 2011 788 2050 rescierit.
821 2011 879 2049 Eo
912 2011 1088 2049 domum
1119 2010 1269 2049 studeo
1301 2010 1406 2049 haec
1436 2011 1554 2059 prius
1585 2020 1714 2058 quam
1744 2010 1815 2050 ille

373 2119 375 2121 ,
1505 2087 1568 2132 [ut
1597 2086 1755 2125 redeat.

263 2162 400 2200 Schol.
436 2162 530 2211 „hic
557 2161 771 2200 subtiliter
798 2161 929 2200 etiam
956 2162 1163 2199 terrorem
1189 2160 1334 2199 iniecit
1359 2161 1601 2199 iracundiae
1626 2160 1814 2199 mariti.”

262 2238 342 2276 Pro
375 2237 704 2276 iracundiae
737 2237 965 2285 legendum
996 2238 1098 2285 puto
1131 2236 1402 2275 iracundi.

322 2387 395 2436 HI,
434 2388 469 2436 1,
508 2388 573 2426 11.

438 2462 547 2500 Rem
589 2471 916 2510 cognosces:
961 2462 1069 2500 iram
1108 2460 1318 2510 expedies
1353 2470 1525 2498 rursum
1556 2461 1600 2499 in
1630 2459 1814 2509 gratiam

1525 2535 1754 2581 [restitues

265 2612 383 2651 Sch.:
421 2611 628 2664 ητρίκωλος
660 2613 887 2651 sententia.
921 2613 973 2651 Et
990 2593 1112 2651 'bono
1140 2611 1284 2650 ordine
1311 2621 1416 2649 usus
1443 2612 1521 2650 est.
1550 2611 1673 2650 Prius
1699 2611 1814 2649 enim

262 2687 311 2726 fit
343 2688 526 2738 querela,
562 2688 711 2727 deinde
742 2689 913 2737 ponitur
943 2687 1171 2736 iracundia,
1204 2687 1422 2735 postremo
1454 2686 1614 2725 reditur
1645 2686 1689 2724 in
1720 2695 1821 2739 con-s,

263 2764 421 2802 silium.
469 2763 627 2811 Utique
672 2763 912 2812 recipienda
957 2761 1244 2802 Westerhovii
1291 2762 1533 2800 coniectura
1572 2760 1819 2810 gratiam

263 2849 337 2888 pro
385 2839 700 2878 consilium.
748 2839 828 2878 Pro
875 2838 1103 2887 querela
1148 2838 1377 2885 requiritur
1423 2837 1742 2876 substantivum
1788 2846 1814 2874 a

264 2926 290 2962 q
301 2926 328 2953 u
342 2926 366 2953 a
378 2926 400 2954 e
412 2925 432 2952 r
444 2926 466 2953 e
478 2926 506 2953 n
518 2916 542 2953 d
555 2915 568 2953 i
600 2915 728 2954 verbo
760 2915 1013 2953 derivatum.
1048 2914 1316 2961 Scriptumne
1347 2913 1529 2951 fortasse
1555 2911 1636 2950 fuit
1661 2921 1688 2959 q
1698 2921 1726 2949 u
1738 2921 1763 2949 a
1774 2920 1811 2948 e·
1882 2943 1883 2946 ,
