2002 3464
1015 416 1070 455 46

322 555 384 584 vs,
419 546 503 584 592
537 555 598 592 sq.

349 620 461 659 Dum
488 621 593 658 haec
618 630 790 658 mecum
817 620 978 668 reputo,
1008 617 1238 657 arcessitur
1264 618 1457 657 lavatum
1485 617 1649 656 interea
1669 616 1812 666 virgo:

350 696 428 745 Iit„
450 696 569 745 lavit,
603 695 749 734 rediit:
783 695 933 733 deinde
961 704 1058 733 eam
1089 693 1133 732 in
1163 694 1324 733 lectum
1355 693 1453 732 illae
1486 693 1758 732 collocarunt.

261 772 591 811 Arcessitur
642 773 685 810 et
730 771 1086 810 collocarunt
1131 769 1325 818 legitima
1371 779 1465 808 esse
1511 768 1718 808 vocabula
1763 769 1814 808 de

261 849 387 888 iustis
418 849 579 897 nuptiis
615 849 815 887 observat
847 847 1106 887 Scholiasta:
1135 847 1248 892 haud
1274 846 1427 895 inepte,
1456 830 1667 894 siquidem
1694 843 1814 883 illam

261 924 399 973 ipsam
432 924 644 973 virginem
675 933 780 962 mox
811 923 972 963 iustam
1003 932 1183 961 uxorem
1215 921 1403 961 Chaerea
1433 921 1570 960 ducet.
1644 970 1646 972 v

321 1001 404 1039 593
441 1000 733 1049 „Ancillarum
763 1010 849 1038 una

1070 1074 1177 1113 heus
1207 1075 1267 1122 tu,
1301 1073 1450 1122 inquit,
1483 1073 1605 1122 Dore,

409 1151 519 1200 Cape
536 1152 615 1191 hoc
631 1151 861 1200 flabellum,
882 1150 1105 1189 ventulum
1122 1150 1220 1188 huic
1237 1149 1298 1188 sic
1314 1149 1462 1198 facito,‘
1474 1149 1576 1187 dum
1591 1148 1811 1187 lavamur:

407 1227 490 1265 Ubi
521 1237 599 1266 nos
630 1226 877 1276 laverimus,
911 1226 949 1264 si
980 1225 1111 1275 voles,
1145 1225 1331 1264 lavato.”

260 1302 458 1341 Ludibrio
490 1302 648 1340 habent
679 1302 923 1340 eunuchum
954 1301 1131 1349 puellae.
1165 1300 1295 1339 Recte
1328 1299 1443 1339 enim
1471 1299 1633 1338 Schol.:
1665 1297 1813 1348 „quasi

259 1377 566 1416 satisfacientis
583 1378 649 1416 est
666 1377 775 1424 quod
788 1377 929 1415 solum
941 1376 1063 1414 illum
1076 1375 1318 1423 relinquant
1329 1385 1427 1413 cum
1439 1374 1646 1424 virgine‚’'
1660 1373 1813 1422 quibus

259 1452 400 1491 verbis
417 1453 523 1491 bene
541 1453 729 1491 illustrat
744 1452 1095 1491 muliercularum
1111 1451 1155 1489 in
1172 1451 1297 1490 domo
1314 1450 1557 1490 meretricia
1572 1449 1810 1489 lasciviam.

318 1527 413 1566 Toti
451 1527 662 1567 Chaereae
694 1527 929 1566 narrationi
960 1528 1188 1576 postquam
1220 1537 1368 1565 aurem
1399 1525 1594 1575 praebuit
1623 1524 1812 1574 Antipho

258 1604 401 1651 rogat:
444 1604 550 1652 „Sed
582 1603 756 1642 interim
788 1603 839 1641 de
870 1602 1078 1650 symbolis
1111 1602 1278 1650 (quibus
1308 1603 1351 1640 te
1382 1600 1678 1650 praefecimus)
1712 1599 1812 1648 quid

259 1679 404 1717 actum
437 1680 503 1718 est
513 1680 561 1717 ?''

321 1752 387 1793 Oh.
420 1755 680 1793 Paratumst.
714 1754 796 1792 An.
829 1754 956 1802 Frugi
989 1764 1056 1792 es:
1090 1754 1193 1792 ubi?
1225 1753 1401 1792 domin?
1437 1750 1504 1791 Oh.
1532 1752 1672 1790 Immo
1700 1750 1810 1800 apud

1315 1828 1530 1874 [libertum
1561 1826 1750 1866 Discum.

317 1906 397 1944 An.
441 1905 701 1954 Perlongest.
739 1903 806 1944 Oh.
841 1905 921 1943 Sed
953 1906 1073 1943 tanto
1106 1904 1224 1943 ocius
1256 1913 1544 1953 properemus,
1579 1901 1660 1942 An.
1693 1901 1810 1941 Muta

1554 1976 1750 2024 [vestem.

256 2057 386 2095 Recte
427 2066 505 2095 nos
547 2057 695 2094 monet
736 2055 996 2095 Scholiasta:
1044 2055 1176 2104 „haec
1209 2053 1412 2104 οἰκονομία
1444 2055 1511 2093 est
1542 2053 1594 2092 ad
1626 2052 1668 2091 id
1699 2051 1810 2100 quod

257 2132 300 2169 in
333 2132 508 2170 domum
541 2131 715 2169 Thaidis
746 2131 960 2170 rediturus
993 2131 1058 2168 est
1090 2130 1319 2169 Chaerea.''
1352 2129 1422 2167 Fit
1451 2129 1532 2168 hoc
1561 2138 1625 2167 vs.
1660 2127 1758 2167 840.

319 2207 427 2255 „Ubi
454 2209 620 2245 mutem
632 2207 680 2244 ‘?’'
709 2206 864 2245 anxius
891 2205 1079 2245 Chaerea
1100 2206 1222 2254 rogat
1242 2205 1382 2254 „certe
1399 2214 1484 2243 non
1501 2202 1616 2242 domi
1633 2201 1705 2241 ubi
1720 2202 1808 2241 iam
1850 2202 1856 2208 ”

255 2292 404 2320 vereor
439 2293 492 2320 ne
525 2283 568 2320 et
597 2282 718 2330 pater
750 2283 792 2320 et
823 2282 954 2320 frater
985 2281 1083 2330 sint,
1119 2291 1144 2319 a
1174 2280 1326 2328 quibus
1358 2278 1544 2327 conspici
1576 2278 1657 2317 hac
1686 2278 1808 2316 veste

256 2357 430 2395 indutus
462 2357 637 2395 nolim.''
671 2357 735 2395 Ibi
766 2356 977 2405 Antipho:
1015 2365 1191 2405 „eamus
1223 2355 1274 2394 ad
1305 2355 1418 2393 me.”

315 2433 471 2471 Probat
526 2432 605 2471 hoc
661 2418 886 2471 consilium
944 2431 1131 2470 Chaerea
1187 2432 1230 2469 et
1281 2430 1333 2469 ad
1379 2428 1635 2478 Antiphonis
1681 2427 1808 2466 aedes

257 2508 414 2546 abeunt
440 2508 578 2546 ambo.

795 2703 941 2742 Acrus
973 2702 1031 2741 IV
1063 2702 1205 2741 ScENA
1240 2701 1276 2740 1.

313 2814 474 2862 Dorias,
518 2813 644 2851 modo
686 2822 711 2851 a
747 2812 905 2850 Thaide
937 2811 1135 2859 profecta,
1169 2810 1217 2848 ut
1249 2809 1465 2847 Chremeti
1496 2808 1622 2847 aedes
1652 2806 1804 2845 militis

255 2889 526 2936 monstraret,
571 2888 667 2925 inde
708 2887 829 2925 redit.
873 2885 1068 2924 Accurrit
1109 2886 1253 2923 autem
1291 2884 1508 2933 anhelans,
1543 2882 1800 2931 exanimata,

254 2964 413 3001 terrore
454 2963 660 3010 perculsa.
704 2961 817 3000 Cur‘?
859 2959 1097 2999 Chremetis
1140 2959 1253 2997 illius
1295 2960 1504 2997 adventus
1534 2958 1643 2997 iram
1674 2957 1803 2996 militi
