2002 3464
0 321 2 327 *
0 209 30 310 “iv-'²
0 0 35 190 *wwvss-*tql

927 371 1010 411 169
1057 397 1059 399 »

116 524 120 537 ;
180 501 381 550 loquitur,
414 502 563 540 tamen
594 499 694 547 quid
727 499 839 537 sibi
866 498 1060 537 evenerit
1086 508 1135 536 eo
1163 497 1454 543 demonstrat3
1483 495 1581 534 inde
1597 494 1752 533 flebilis

182 578 358 619 exsistit
397 576 545 625 oratio,
587 575 798 624 planeque
840 575 1012 614 diversa
1054 574 1105 613 ab
1144 583 1206 623 ea,
1240 582 1325 621 qua
1356 582 1486 620 supra
1517 571 1569 610 de
1600 570 1752 609 eadem

181 664 228 694 re
268 655 415 694 actum
462 653 550 692 est:
598 650 669 690 hic
715 651 832 690 enim
879 651 975 690 leno
1018 650 1136 689 solus
1178 649 1408 698 loquitur.”
1452 647 1563 687 Hoc
1605 646 1752 686 enim

181 729 526 779 exprimitur
557 737 707 766 vereor
738 728 788 766 ut
819 737 975 766 sanum
1008 727 1079 766 sit.

239 879 294 930 ΙΙ,
329 880 367 930 2,
405 879 442 918 1.
475 888 538 926 sq.
572 877 653 916 His
686 876 829 916 verbis
863 876 1169 926 Ctesiphonem
1201 875 1369 915 lenonis
1395 874 1634 914 vindictam
1665 884 1751 912 me-

180 956 376 996 tuentem
408 952 634 994 conflrmat
667 953 825 1001 syrus:

298 1031 421 1080 Tace,
455 1030 627 1079 egomet
654 1028 911 1068 conveniam
939 1028 1027 1068 iam
1055 1029 1220 1078 ipsum:
1251 1027 1400 1076 cupide
1428 1027 1612 1076 accipiat
1637 1026 1751 1075 faxo,

269 1094 271 1096 ¹
1376 1104 1520 1152 [atque
1553 1102 1687 1142 etiam

187 1239 189 1241 η
297 1183 414 1223 Bene
445 1181 560 1221 dicat
591 1191 742 1220 secum
775 1191 870 1220 esse
904 1182 1064 1220 actum.

177 1260 323 1300 Bene
354 1259 508 1298 dicat
538 1268 727 1297 secum
760 1268 886 1296 esse
919 1259 1131 1304 actum]
1171 1258 1384 1307 „actum
1416 1257 1532 1295 recte
1559 1256 1753 1295 additum

178 1331 288 1376 ost.”
334 1334 531 1374 Primum
577 1334 731 1374 scholii
779 1334 961 1373 verbum
1005 1334 1149 1383 inepte
1192 1344 1214 1373 e
1256 1333 1464 1372 lemmate
1506 1332 1752 1381 repetitum.

177 1411 330 1452 Verbis
371 1411 487 1451 enim
523 1421 634 1460 quae
665 1412 928 1459 sequuntur:
967 1421 1097 1460 „nam
1128 1411 1269 1450 multa
1300 1410 1434 1449 etiam
1466 1409 1617 1458 cupide
1648 1408 1753 1448 acci-

176 1488 334 1539 pimUS,
382 1488 446 1528 ita
491 1489 641 1527 tamen
687 1489 737 1526 ut
783 1487 899 1526 male
942 1487 1169 1527 nobiscum
1212 1497 1308 1526 esse
1350 1486 1546 1525 dicamus
1578 1485 1753 1524 actum”

177 1566 500 1605 demonstratur
556 1575 642 1604 non
689 1565 877 1603 actum
925 1565 1041 1603 recte
1089 1574 1185 1603 esse
1234 1563 1429 1603 additum
1486 1562 1561 1601 sed
1618 1562 1755 1601 bene

177 1643 332 1684 dicat
374 1653 565 1682 secum
608 1652 733 1681 esse
776 1643 974 1681 actum.

179 1720 186 1750 ἶ
239 1719 279 1759 2.
311 1718 423 1758 Tum
455 1719 508 1758 ad
539 1719 742 1758 lenonem
775 1728 1033 1757 conversus:
1067 1718 1202 1767 „Quid
1229 1717 1342 1756 istuc
1370 1717 1528 1756 Sannio
1557 1727 1592 1756 e.
1622 1727 1661 1765 q.
1690 1717 1754 1755 s.”

179 1794 252 1835 ait.
301 1795 466 1834 Schol.:
518 1794 650 1845 „Vide
698 1805 829 1843 quam
877 1794 1098 1843 ingeniose
1144 1794 1382 1843 Terentius,
1427 1793 1500 1841 qui
1542 1803 1672 1842 supra
1704 1793 1756 1832 ab

178 1870 394 1911 Aeschino
441 1871 609 1910 lenonis
653 1871 828 1910 nomine
870 1871 974 1910 facit
1016 1870 1279 1910 Sannionem
1321 1869 1490 1920 vocari„
1523 1870 1672 1919 utpote
1705 1869 1756 1908 ab

178 1946 354 1987 homine
397 1946 616 1996 arroganti
658 1947 702 1986 et
742 1947 874 1986 feroci
911 1947 963 1986 ob
997 1948 1189 1986 aetatem
1221 1947 1265 1986 et
1295 1947 1531 1996 negotium,
1567 1947 1612 1985 at
1643 1946 1758 1985 hunc

177 2023 332 2064 blande
383 2023 797 2063 circumvenientem
851 2023 1205 2063 honorificentius
1257 2003 1422 2062 inducit
1463 2033 1563 2062 cum
1604 2023 1758 2062 lenone

177 2100 294 2150 loqui
349 2101 394 2140 et
449 2101 712 2141 Sannionem
765 2111 865 2140 eum
912 2102 1110 2141 vocare.”
1159 2102 1264 2140 Post
1309 2100 1602 2149 negotium
1649 2099 1756 2138 inse-

178 2174 361 2216 rendum
415 2177 586 2216 videtur
639 2178 901 2218 alienum.
950 2178 1091 2217 Ferox
1138 2178 1254 2217 enim
1302 2178 1511 2216 adversus
1557 2176 1758 2215 lenonem

177 2251 260 2293 fuit
315 2253 569 2304 AeschinUS,
625 2255 669 2293 et
716 2254 817 2303 quia
864 2254 1034 2294 iuvenis
1081 2255 1149 2294 est
1196 2256 1239 2294 et
1286 2254 1386 2303 quia
1431 2263 1517 2293 non
1564 2263 1643 2292 sua
1690 2262 1759 2291 res

177 2328 397 2379 agebatur.

238 2405 265 2444 9
297 2415 389 2454 sqq.

298 2481 502 2531 Metuisti‚
537 2483 575 2522 si
607 2493 723 2523 nunc
755 2484 806 2523 de
838 2485 913 2523 tuo
941 2484 1032 2523 iure
1060 2483 1351 2523 concessisses
1378 2483 1604 2532 paululum
1631 2484 1760 2532 atque

298 2557 575 2598 Adolescenti
602 2569 722 2599 esses
749 2560 1050 2610 morigeratus,
1080 2560 1308 2600 hominum
1335 2560 1465 2599 homo
1483 2560 1757 2610 stultissime,

299 2634 362 2674 Ne
394 2645 481 2674 non
513 2635 592 2675 tibi
623 2636 737 2676 istuc
768 2637 1042 2677 foeneraret?

178 2710 442 2750 Sannionem
490 2711 596 2752 haec
642 2715 766 2763 rogat
815 2714 962 2763 syrus.
1013 2714 1177 2753 Schol.:
1226 2714 1359 2764 „bene
1401 2715 1494 2753 tuo
1528 2714 1671 2763 iure,
1706 2691 1760 2752 ne

177 2787 361 2826 diceret:
410 2797 515 2827 non
562 2790 685 2828 erat
730 2800 821 2829 res
867 2801 989 2829 mea
1036 2801 1196 2839 quam
1239 2790 1500 2829 venalem
1543 2789 1756 2829 habui.”

178 2863 403 2902 Sententia
445 2865 534 2903 est:
571 2865 835 2914 „periculum
868 2868 961 2906 erat
993 2877 1046 2905 ne
1078 2866 1187 2915 leno,
1222 2867 1271 2905 ut
1302 2866 1347 2905 in
1378 2866 1638 2910 Phormione
1671 2865 1754 2916 ille,
1780 2891 1784 2894 -

177 2938 361 2979 diceret:
395 2950 482 2980 non
513 2942 581 2980 est
611 2951 722 2992 mea,
758 2942 846 2982 iam
877 2943 1050 2982 vendidi
1083 2943 1198 2982 alii.’'
