2002 3464
1066 400 1148 438 224

323 522 404 559 hoc
445 521 582 560 addit:
630 522 736 571 „feci
778 533 832 560 ex
869 533 993 562 servo
1025 524 1074 562 ut
1105 534 1224 563 esses
1254 525 1362 563 mihi
1394 525 1615 565 libertus”
1647 527 1763 566 Bene
1793 538 1882 577 per-

322 597 517 644 spexisse
558 596 728 635 videtur
770 597 1009 636 Scholiasta
1051 599 1122 646 qui
1163 601 1279 638 esset
1309 600 1463 639 horum
1495 602 1723 641 verborum
1755 603 1881 654 color,

322 674 365 710 et
411 672 681 719 aliquatenus
727 672 859 711 etiarn
907 673 1173 721 significasse
1215 677 1479 715 annotando:
1526 677 1662 726 „mire
1702 674 1820 718 addit
1859 689 1882 718 6

321 757 484 785 661νο
515 748 562 785 111
594 747 686 786 vim
710 747 905 786 beneficii
931 732 1233 797 exprimeret.'’
1261 750 1355 790 Non
1381 752 1483 790 dicit
1508 753 1695 792 breviter
1720 763 1883 794 manu

322 808 484 860 emisi
530 823 582 860 te
629 832 766 870 neque
812 823 1081 863 libertum
1127 826 1180 863 te
1211 825 1321 864 feci
1367 827 1442 865 sed
1487 827 1569 866 feci
1614 829 1663 867 ut
1703 828 1882 868 libertus

322 907 439 936 esses
486 897 615 945 mihi;
663 908 800 945 neque
846 899 926 937 hoc
971 900 1079 938 satis
1126 901 1294 939 videtur
1334 902 1409 940 sed
1451 903 1596 942 adiicit
1638 914 1661 942 6
1703 913 1878 961 servo.
1920 924 1923 927 ·

321 972 523 1011 Consulto
563 973 770 1012 verbosus
812 975 879 1012 est
914 984 1049 1013 senex
1080 985 1161 1023 quo
1193 977 1333 1025 magis
1365 977 1577 1017 audientis
1609 980 1882 1019 commoveat

320 1048 527 1087 animum.
571 1049 689 1087 Haec
730 1050 797 1087 est
838 1049 911 1087 illa
951 1050 1125 1089 ubertas
1167 1062 1297 1099 quam
1330 1053 1613 1093 orationis
1654 1064 1881 1094 succum

319 1123 422 1162 dicit
453 1123 610 1163 CicerO.

377 1199 518 1247 Atque
565 1200 714 1238 eadem
755 1201 994 1239 verbositas
1036 1203 1127 1240 tota
1169 1203 1285 1241 senis
1327 1204 1571 1242 narratione
1613 1203 1879 1244 observatur:

318 1274 432 1312 Nihil
468 1275 632 1313 omittit
667 1276 778 1314 unde
815 1286 1017 1324 apparere
1043 1278 1180 1325 possit
1205 1288 1335 1325 quam
1363 1279 1474 1317 iuste
1502 1279 1643 1318 doleat
1670 1280 1714 1318 et
1738 1279 1879 1320 tristis

317 1349 375 1387 sit
416 1350 668 1398 anxiusque.
711 1351 879 1389 Dixerit
919 1352 1095 1399 aliquis:
1144 1363 1374 1401 „quorsum
1416 1354 1601 1401 pertinet
1636 1354 1764 1403 longa
1794 1355 1879 1394 ista

318 1425 545 1474 descriptio
580 1426 798 1475 pristinae,
833 1437 916 1474 qua
947 1427 1060 1465 vixit
1090 1427 1215 1477 filius,
1250 1429 1497 1467 severitatis
1508 1430 1556 1467 ‘?”
1589 1429 1878 1478 Respondebit

318 1500 569 1550 Scholiasta,
598 1502 642 1540 et
667 1502 765 1550 apte
791 1502 1103 1550 prudenterque
1130 1503 1422 1551 respondebit:
1455 1504 1587 1553 „bene
1614 1505 1735 1544 actae
1762 1505 1876 1544 vitae

317 1575 426 1613 ratio
467 1576 519 1614 ad
562 1586 658 1615 eam
700 1587 791 1615 rem
828 1577 945 1616 valet
975 1579 1023 1615 ut
1054 1579 1251 1617 ostendat
1283 1589 1413 1626 quam
1445 1579 1586 1617 iustus
1618 1579 1735 1618 dolor
1764 1579 1876 1628 patri

317 1650 374 1688 sit
415 1661 489 1699 spe
532 1652 749 1700 decepto.”
791 1652 885 1690 Non
925 1653 1064 1700 patiar
1105 1653 1213 1691 mihi
1254 1653 1323 1692 hic
1364 1664 1499 1692 unum
1536 1653 1641 1702 eripi
1671 1653 1874 1702 verbum;

316 1735 415 1773 ergo
446 1726 623 1774 probare
655 1737 740 1765 non
771 1737 947 1775 possum
979 1728 1266 1766 recentiorum
1297 1728 1567 1778 sapientiam,
1601 1728 1674 1776 qui
1698 1729 1806 1767 mihi
1832 1729 1876 1768 in

315 1801 532 1840 versibus:

492 1877 602 1916 Nam
634 1878 672 1916 16
703 1879 933 1926 postquam
965 1879 1153 1917 excessit
1184 1889 1239 1917 ex
1271 1879 1456 1928 ephebis,
1493 1879 1626 1928 Sosia,

493 1953 688 1991 Liberius
718 1953 892 1991 vivendi
922 1953 1004 1992 fuit
1034 1955 1227 2002 potestas
1261 1956 1375 1999 (nam
1409 1955 1537 1992 antea

493 2029 571 2077 Qui
602 2029 712 2068 scire
742 2039 893 2077 posses
924 2030 999 2068 aut
1030 2029 1251 2078 ingenium
1282 2040 1458 2069 noscere

489 2104 602 2142 Dum
634 2105 766 2152 aetas,
800 2105 956 2153 metus,
989 2104 1197 2152 mag-Ister
1227 2105 1539 2153 prohibebant?

312 2180 415 2218 illud
451 2180 599 2229 „Sosia
635 2202 684 2207 -
718 2181 938 2228 potestas’'
966 2180 1134 2218 uncinis
1161 2181 1394 2219 includunt.
1423 2181 1572 2219 Nonne
1601 2181 1748 2220 vident
1773 2191 1872 2221 cum

313 2256 471 2301 quanto
512 2254 594 2293 loci
636 2254 892 2293 detrimento
930 2254 1001 2293 ille
1034 2255 1256 2293 vocativus
1289 2255 1450 2293 Sosia
1481 2255 1710 2305 eximatur,
1743 2266 1871 2304 quan-

311 2330 406 2366 tum
438 2329 508 2367 ille
540 2323 641 2378 ἦθος
673 2329 861 2367 habeat?
892 2329 1099 2377 Equidem
1131 2330 1276 2368 audire
1307 2329 1415 2368 mihi
1446 2330 1516 2368 hic
1546 2330 1692 2370 videor
1722 2341 1872 2371 senem

311 2404 549 2451 singultum
596 2404 887 2442 devorantem.
937 2404 1088 2452 Quidni
1135 2414 1234 2452 ergo
1275 2414 1361 2443 una
1402 2415 1504 2444 voce
1546 2405 1656 2444 fuit
1695 2406 1740 2445 in
1780 2406 1872 2446 ubi

310 2481 480 2518 mutata
512 2480 665 2519 ceteris
697 2480 884 2518 salutem
917 2480 1182 2519 afferamus?

368 2565 432 2594 vs.
477 2555 545 2593 54.
588 2555 669 2593 Hic
709 2555 887 2593 libertus
928 2566 1057 2593 suum
1098 2556 1179 2594 ita
1219 2557 1305 2593 est
1347 2556 1577 2595 interserit.
1614 2537 1871 2605 „Intercedit

309 2631 461 2678 poeta’'
495 2630 556 2668 ait
587 2630 838 2678 Scholiasta,
875 2640 954 2679 „ne
985 2630 1102 2668 solus
1130 2630 1246 2668 Simo
1272 2630 1537 2678 loqueretur:
1566 2633 1757 2670 ceterum
1783 2642 1869 2672 non

310 2706 401 2743 erat
441 2705 723 2753 respondendi
762 2705 881 2743 locus
922 2705 1233 2743 necessarius.'’
1276 2705 1470 2745 Profecto
1513 2707 1707 2746 consulto
1743 2709 1870 2756 poeta

309 2781 378 2819 hic
419 2781 664 2828 loquentem
706 2780 868 2818 inducit
910 2781 1099 2819 Sosiam:
1144 2780 1400 2828 colloquium
1439 2782 1554 2820 enim
1589 2782 1693 2821 facit
1724 2793 1746 2821 e
1777 2792 1866 2831 pro-

309 2855 425 2903 logo;
454 2856 529 2894 sed
555 2866 685 2903 quam
712 2856 809 2910 apte
835 2855 915 2894 hoc
941 2855 1032 2903 ipso
1059 2855 1150 2894 loco
1178 2855 1324 2894 Sosiae
1341 2856 1562 2894 silentium
1579 2856 1864 2905 interrumpit.
1922 2897 1926 2902 ,

311 2930 388 2977 Qui
429 2931 532 2968 illud
573 2931 715 2978 ipsum
757 2930 837 2968 ita
879 2928 1089 2978 estsscum
1133 2931 1283 2978 capitis
1317 2931 1499 2977 quodam
1531 2932 1636 2969 nutu
1671 2933 1713 2970 et
1743 2931 1867 2969 vultu
