2002 3464
991 400 1072 438 114

310 527 350 569 I.
397 526 709 567 Annotationes
754 525 955 564 rhetorici
1001 524 1180 574 generis,
1229 525 1381 572 quibus
1427 524 1710 563 admonemur
1755 524 1808 564 ad

252 605 465 652 quodnam
508 603 613 642 artis
650 602 860 642 oratoriae
893 602 1019 650 caput
1050 611 1201 639 versus
1234 601 1387 649 aliquis
1418 600 1487 639 vel
1519 599 1688 648 aliquod
1718 609 1807 638 ver-

250 680 402 718 borum
434 681 653 718 certamen
684 679 742 717 sit
773 678 1056 716 referendum.
1089 676 1247 715 Audire
1279 677 1470 725 cogimur
1502 685 1714 723 quaenam
1740 674 1821 713 hic.

251 755 505 803 quali-tas
539 754 644 801 (sive
677 754 880 799 status)
920 753 1220 801 cognoscatur:
1255 751 1366 790 sitne
1395 749 1807 799 comparativa,

251 841 305 869 an
351 830 688 879 negotialiS,
733 839 788 868 an
829 828 1130 874 remotiva3
1174 826 1259 865 illic
1301 826 1509 875 disputari
1541 836 1566 864 a
1597 834 1809 864 summo

250 906 312 945 ad
344 906 533 955 imum,
567 903 719 954 πλοκήν
751 904 833 942 dici
864 904 943 942 hoc
975 901 1297 942 demonstrandi
1327 912 1473 951 genus,
1508 901 1675 948 aliaque
1701 899 1808 939 eius-

250 982 478 1031 demmodi,
528 981 681 1029 quibus
728 981 781 1019 ad
827 979 1077 1018 Terentium
1118 977 1274 1016 melius
1315 976 1640 1025 intelligendum
1681 985 1808 1014 nemo

249 1057 481 1105 quidquam
513 1057 752 1096 adiuvatur.
787 1055 946 1094 Taedet
978 1053 1176 1102 exempla
1208 1052 1371 1091 afferre.
1407 1052 1520 1091 Satis
1553 1052 1638 1090 illis
1670 1051 1807 1090 obser-

250 1133 494 1172 vationibus
526 1133 728 1171 enecatur
760 1131 831 1179 qui
864 1129 1225 1169 commentarium
1255 1128 1372 1176 legit.

307 1208 375 1251 ΙΙ.
422 1209 568 1257 Nugas
614 1208 665 1246 de
711 1206 997 1256 grammatica
1042 1205 1179 1243 multo
1222 1204 1354 1243 etiam
1401 1203 1631 1252 ineptiores
1677 1214 1807 1252 quam

248 1285 346 1323 illae
388 1285 490 1323 sunt
531 1284 582 1322 de
623 1283 835 1322 rhetorica
877 1281 1188 1320 annotationes.
1231 1280 1390 1318 Earum
1432 1280 1578 1324 autem
1610 1279 1813 1318 maxima¹

248 1370 348 1408 pars
390 1360 442 1398 ad
484 1359 690 1407 syntaxin
731 1358 938 1406 pertinet:
972 1356 1205 1395 identidem
1237 1355 1359 1393 nobis
1391 1354 1595 1402 obgannit
1626 1353 1807 1392 stridula

249 1435 484 1484 magistelli
510 1445 618 1474 vox:
647 1435 752 1473 haec
780 1435 846 1473 est
872 1433 1084 1482 syllepsis,
1113 1432 1191 1470 hoc
1209 1428 1417 1482 παρέλκον,
1433 1430 1513 1469 hoc
1528 1427 1808 1468 ἀνακόλουθον

248 1512 449 1560 primum,
493 1510 740 1558 secundum,
784 1509 974 1558 tertium,
1019 1509 1231 1555 quartum.
1275 1506 1473 1544 Rariores
1504 1506 1606 1544 sunt
1637 1505 1687 1543 de
1719 1506 1805 1553 ety-

249 1586 437 1635 mologia
463 1586 796 1634 observationes,
816 1585 987 1623 illarum
1007 1593 1105 1622 vero
1124 1582 1334 1630 quaedam
1350 1580 1538 1619 hominis
1555 1579 1807 1619 insanabilis

250 1673 345 1701 esse
390 1662 601 1700 videntur.
652 1662 785 1709 Saepe
831 1660 900 1698 hic
940 1659 1074 1697 Varro
1116 1657 1363 1696 nominatur
1394 1666 1532 1704 neque
1563 1654 1806 1694 incredibile

249 1739 316 1776 est
345 1738 483 1776 multo
515 1737 724 1775 maiorem
755 1736 923 1784 partem
955 1745 1010 1772 ex
1041 1733 1112 1771 illo
1145 1742 1240 1771 esse
1268 1732 1530 1779 excerptam.
1559 1729 1686 1769 Brevi
1713 1740 1806 1769 con-

249 1814 397 1862 spectu
444 1813 550 1851 dabo
597 1821 770 1850 omnes:
819 1810 1014 1858 cognitae
1061 1808 1176 1847 enim
1224 1817 1319 1845 esse
1361 1806 1515 1845 debent
1557 1805 1608 1855 ei,
1652 1805 1724 1853 qui
1755 1805 1806 1844 de

249 1888 510 1936 quaestione,
545 1897 675 1935 quam
707 1896 820 1924 nunc
850 1886 1101 1932 tractamus,
1136 1883 1323 1921 iudicare
1354 1882 1481 1920 velit:

308 1963 437 2002 Andr.
471 1962 580 2000 Prol.
618 1963 669 2000 15
748 1960 1081 2008 vituperant
1112 1959 1200 1997 est:
1239 1957 1420 2006 „vitium
1452 1956 1514 1995 rei
1545 1956 1741 2004 parant.”

474 2038 504 2086 Ι,
543 2039 578 2086 1,
613 2038 639 2075 4
746 2047 858 2075 ars:
892 2046 917 2074 a
949 2035 1108 2074 Graeco
1140 2031 1269 2085 ἀρετή.

478 2113 509 2162 Ι,
548 2114 583 2161 1,
619 2113 672 2151 58
751 2111 1054 2150 contradicitur
1099 2110 1152 2148 iis
1199 2109 1270 2156 qui
1317 2108 1481 2146 sodes
1523 2116 1617 2145 esse
1660 2105 1806 2144 dicunt

807 2192 907 2232 σῶος
940 2186 1018 2240 ζῇς.

479 2264 510 2312 Ι,
545 2264 584 2312 4,
620 2264 644 2300 2
751 2264 966 2300 temetum:
991 2260 1091 2308 quia
1115 2261 1215 2298 tenet
1246 2260 1428 2296 mentem.
1459 2257 1575 2302 (Eun.
1600 2256 1670 2305 IV,
1690 2256 1728 2305 3,
1752 2256 1804 2294 13

809 2337 907 2384 quia
938 2337 1078 2375 tentat
1109 2335 1135 2373 i.
1170 2344 1204 2372 e.
1238 2313 1468 2371 labefactat
1498 2332 1720 2377 mentem).

478 2415 509 2463 Ι,
545 2416 582 2463 5,
618 2414 672 2453 64
736 2389 1802 2459 obstetrix:quaeoperntulerit(etiamIII,1,15).

370 2521 386 2539 „
433 2496 435 2498 ’
477 2490 550 2539 ΙΙΙ,
587 2490 624 2538 2,
660 2490 683 2528 3
746 2489 833 2527 fac
879 2489 1062 2526 istaec
1108 2486 1165 2523 ut
1215 2485 1390 2522 lavet:
1442 2484 1587 2532 istaec,
1632 2493 1739 2530 quae
1781 2492 1803 2520 e

800 2563 1020 2612 puerperio
1052 2560 1291 2600 sordebant.

476 2640 550 2689 ΙΙΙ,
586 2641 623 2689 2,
660 2641 681 2678 7
747 2636 1172 2687 superstitiosi:
1217 2635 1315 2682 quia
1358 2645 1483 2673 senes
1526 2636 1720 2681 (quorum
1761 2632 1802 2671 id

799 2714 969 2759 vitium)
1002 2711 1152 2750 multis
1184 2709 1439 2758 superstites
1470 2710 1583 2748 sunt.

477 2791 551 2840 ΙΙΙ,
586 2791 624 2839 4,
663 2790 714 2828 18
747 2790 1004 2828 irritare:
1047 2797 1073 2825 a
1114 2786 1301 2834 canibus,
1346 2785 1417 2833 qui
1458 2783 1668 2823 restrictis
1704 2783 1799 2821 den-

807 2865 921 2903 tibus
953 2863 1123 2901 literam
1155 2862 1190 2899 R
1222 2861 1460 2899 imitantur.

483 2941 551 2990 IV,
586 2942 624 2990 3,
663 2942 712 2979 11
749 2940 1046 2978 verbenae:
1081 2937 1203 2985 quasi
1234 2937 1458 2975 herbenae.
