2002 3464
972 389 1056 428 229

283 515 334 554 In
365 515 624 556 Phormione
656 521 734 563 (vs.
769 519 868 564 591)
902 518 1035 557 Getae
1066 518 1173 558 haec
1204 519 1307 557 sunt
1340 520 1491 558 verba:

402 592 491 641 Ego
522 592 803 633 hominem
835 594 1100 634 callidiorem
1131 594 1219 633 vidi
1250 595 1530 634 neminem

402 667 540 718 Quam
571 669 890 709 Phormionem.

208 735 342 784 'Adeo
373 744 491 784 enim
521 745 829 785 Phormionem
861 746 1101 786 admiratur
1131 747 1180 785 ut
1206 745 1334 785 solito
1360 747 1591 786 verborum
1618 758 1799 787 numero

223 821 453 860 contentus
484 831 580 861 esse
612 833 698 861 non
729 819 868 872 possit
900 833 1000 862 curn
1032 822 1156 861 illum
1187 822 1348 862 laudat.

285 897 480 947 „Mortua
520 898 756 948 Chryside”
799 900 863 938 sic
903 909 1039 938 senex
1080 899 1220 948 pergit
1264 910 1391 949 „cum
1429 900 1620 940 viderem
1653 911 1679 939 a
1710 900 1797 940 filio

220 983 390 1022 quoque
430 984 528 1014 meo
571 985 669 1014 eam
710 975 847 1024 lugeri
889 975 1015 1023 idque
1056 975 1223 1014 sincere
1265 976 1309 1014 et
1350 986 1405 1014 ex
1447 976 1605 1026 animo,
1649 977 1797 1015 tamen

220 1050 326 1090 mali
357 1050 608 1099 suspicabar
639 1051 747 1090 nihil
780 1054 857 1097 (vs.
895 1051 1017 1096 113):

400 1126 519 1166 Haec
550 1137 628 1176 ego
659 1127 867 1176 putabam
900 1137 996 1166 esse
1028 1127 1175 1166 omnia
1207 1127 1387 1166 humani
1419 1127 1593 1176 ingenii.

220 1201 439 1252 Quantum
481 1203 540 1242 sit
582 1203 626 1242 in
667 1214 752 1243 uno
794 1203 924 1242 verbo
961 1203 1226 1252 putabam
1258 1213 1343 1242 non
1376 1203 1615 1242 sentientes
1646 1205 1798 1244 docere

218 1279 364 1328 potest
409 1279 652 1319 Scholiasta
696 1279 930 1319 verissima
975 1279 1056 1318 hac
1103 1279 1405 1318 annotatione:
1457 1281 1683 1329 „putare
1731 1282 1799 1319 est

219 1353 326 1404 eius,
369 1355 442 1403 qui
483 1355 764 1404 simplicitate
805 1354 991 1404 pectoris
1030 1354 1290 1393 aberravit.”
1323 1354 1478 1394 Videre
1510 1356 1619 1394 mihi
1651 1356 1799 1395 videor

218 1439 382 1480 senem,
415 1431 520 1470 dum
551 1431 658 1470 haec
689 1431 889 1480 loquitur,
923 1431 1113 1469 frontem
1144 1441 1278 1470 manu
1310 1431 1626 1471 verberantem.

278 1505 389 1546 Tum
421 1506 503 1546 hoc
533 1507 653 1546 addit
684 1509 771 1553 (116.Ὶ
800 1507 882 1546 114
915 1509 1018 1555 sq.):

886 1583 987 1632 quid
1018 1583 1171 1622 multis
1202 1584 1379 1622 moror?

397 1659 581 1708 Egomet
611 1670 780 1708 quoque
813 1660 906 1699 eius
939 1669 1071 1699 causa
1102 1659 1147 1698 in
1177 1659 1307 1698 funus
1338 1661 1508 1708 prodeo.

278 1734 362 1774 Hic
387 1734 608 1774 continere
635 1745 682 1774 se
709 1735 800 1774 iam
827 1745 913 1774 non
939 1736 1084 1784 potest
1110 1735 1234 1774 Sosia
1260 1735 1364 1783 quin
1391 1735 1630 1774 exclamet:
1659 1736 1799 1785 „Hem

219 1810 320 1859 quid
347 1810 416 1850 est
426 1811 475 1849 ?”
503 1810 627 1850 Erret
653 1811 725 1859 qui
752 1811 876 1860 putet
902 1812 1078 1859 poetam
1106 1810 1306 1858 colloquii
1332 1811 1507 1849 tantum
1524 1821 1668 1861 causa,
1688 1812 1799 1859 quod

218 1885 302 1926 sibi
327 1886 468 1926 facere
494 1886 803 1937 proposuisset,
833 1887 904 1926 hic
927 1886 1087 1935 aliquid
1104 1887 1320 1926 dicentem
1337 1887 1563 1926 induxisse
1579 1886 1796 1937 libertum,

218 1962 295 2002 sed
325 1963 427 2012 quid
458 1963 621 2003 diceret
650 1963 723 2003 ille
754 1973 909 2012 parum
937 1973 1125 2002 curasse.
1153 1945 1330 2002 Meliora
1356 1973 1457 2002 eum
1484 1963 1636 2002 docere
1662 1962 1801 2012 possit

219 2040 486 2080 scholiastae
534 2041 780 2080 annotatio:
832 2031 992 2090 „Hem
1038 2040 1225 2089 perculsi
1271 2050 1322 2080 ac
1362 2040 1643 2079 metuentiS.'’
1686 2040 1799 2079 Nam

217 2116 300 2157 hoc
339 2116 429 2156 fere
464 2127 552 2156 una
582 2117 664 2156 hac
693 2126 800 2156 voce
832 2116 936 2156 dicit
968 2116 1112 2156 Sosia:
1150 2116 1228 2166 „Di
1258 2116 1371 2166 boni,
1406 2117 1459 2155 ad
1491 2117 1718 2156 tantamne
1750 2117 1799 2155 tu

220 2194 265 2232 te
296 2193 512 2233 insaniam
546 2193 683 2243 abripi
712 2203 870 2243 passus
902 2204 949 2232 es
959 2194 1009 2232 ‘?’'

285 2269 363 2319 „In
394 2279 444 2308 60
475 2269 654 2309 funere”
687 2279 824 2309 senex
855 2270 1004 2309 narrat
1035 2270 1133 2316 (117
1168 2272 1300 2318 sqq.):

1071 2347 1185 2386 inter
1215 2346 1434 2397 mulieres,

402 2421 519 2471 Quae
551 2421 609 2462 ibi
641 2422 832 2473 aderant,
865 2422 976 2462 forte
1007 2432 1142 2462 unam
1174 2422 1336 2472 aspicio
1368 2423 1738 2463 adolescentulam

397 2498 567 2538 Forma.

219 2575 474 2624 Interpellat
514 2586 615 2615 eum
657 2576 780 2615 Sosia
821 2576 1022 2615 dicendo:
1070 2576 1208 2626 „bona
1248 2576 1477 2615 fortasse.’'
1516 2575 1624 2626 Quid
1654 2575 1798 2624 magis

221 2661 352 2701 quam
393 2651 499 2692 illud
539 2652 662 2692 decet
697 2653 994 2702 grandaevum
1024 2651 1230 2692 libertum
1251 2648 1277 2698 ¹)
1310 2652 1450 2692 multo
1481 2662 1565 2692 usu
1596 2637 1798 2692 edoctum

254 2810 276 2845 ¹)
305 2809 398 2840 Nihil
425 2809 504 2839 huic
531 2809 602 2840 loco
627 2811 740 2841 minus
759 2813 877 2848 aptum
895 2812 1040 2842 inveniri
1058 2813 1192 2848 poterat
1212 2819 1314 2847 quam
1333 2812 1477 2848 Bentleji
1496 2812 1674 2841 Inventum
1691 2819 1798 2841 unum

216 2862 358 2892 verbum
384 2862 571 2892 fortasse
600 2862 716 2892 sosiae
742 2864 924 2893 tribuentis
952 2865 988 2893 et
1015 2864 1122 2893 bona
1142 2864 1270 2894 Simoni
1289 2864 1519 2899 relinquentis.
1539 2864 1797 2899 Primumcuod

219 2915 374 2945 annotat:
405 2915 490 2952 „fere
517 2915 606 2944 enlm
635 2915 724 2944 servi
753 2916 788 2944 et
815 2916 928 2946 liberti
956 2917 992 2945 in
1022 2916 1149 2946 talibus
1177 2917 1278 2945 rebus
1296 2916 1482 2946 iudicandis
1502 2916 1706 2945 inducuntur
1725 2917 1799 2947 suis

219 2967 368 2997 dominis
387 2967 573 2997 severiores
593 2968 628 2997 et
646 2967 863 2998 difficiliores”
882 2969 916 2999 id
937 2969 972 2998 111
990 2969 1116 2998 bonum
1135 2969 1291 2998 nostrum
1309 2969 1441 2998 Sosiam
1454 2970 1542 2999 certe
1553 2977 1619 2998 non
1631 2970 1787 2999 convenit
