2002 3464
1021 392 1105 430 238

277 513 558 553 Terentianae
604 513 809 552 orationis
854 514 1035 554 facetiae
1081 515 1262 555 habent:
1305 519 1457 557 tenues
1499 521 1611 569 sunt,
1655 520 1836 560 subtiles

277 590 404 636 atque
447 589 657 627 eiusmodi
697 590 746 627 ut
787 599 871 627 non
912 591 1063 638 sponte
1096 601 1121 629 a
1151 592 1303 639 quovis
1335 593 1628 633 observentur.
1662 594 1837 644 Raptim

276 664 494 712 obiterque
537 664 608 712 qui
650 664 897 703 Terentium
934 665 1049 715 legit,
1084 668 1270 713 quantus
1301 668 1372 706 ille
1403 669 1533 707 fuerit
1564 669 1721 708 artifex
1751 680 1837 709 non

275 739 457 786 videbit3
491 739 649 777 sentiet
680 740 759 778 hoc
792 740 863 787 qui
890 740 961 778 diu
989 740 1180 789 singulos
1207 742 1299 780 eius
1324 753 1477 782 versus
1504 745 1614 792 apud
1641 744 1835 783 animum

275 824 403 852 suum
449 814 729 863 perpenderit,
780 815 822 852 et
868 814 912 852 in
958 815 1048 854 dies
1095 817 1254 855 sentiet
1298 818 1451 867 magis,
1501 820 1732 858 dummodo
1781 842 1834 848 -—

273 899 459 937 namque
500 890 580 927 hoc
621 890 820 928 accedere
862 890 986 929 debet
1029 913 1081 918 -—
1124 893 1274 939 poetae
1315 895 1567 933 venustates
1602 894 1837 935 monstrari

273 964 354 1003 sibi
390 965 579 1013 patiatur
611 974 635 1003 a
665 965 1040 1013 praestantissimo
1073 966 1144 1005 1110
1175 967 1279 1016 viro,
1315 968 1365 1006 de
1397 979 1478 1016 quo
1510 970 1628 1008 totus
1659 969 1730 1008 hic
1753 969 1836 1009 fuit

272 1040 390 1079 liber.
434 1041 540 1078 Tam
581 1041 717 1078 bonus
761 1041 876 1079 enim
917 1041 989 1080 ille
1026 1042 1213 1081 Terentii
1245 1043 1326 1082 fuit
1351 1044 1485 1084 lector
1515 1046 1564 1084 ut
1594 1055 1679 1084 non
1709 1046 1834 1084 facile

273 1115 311 1153 ei
341 1126 418 1163 par
450 1115 634 1153 exsistat
666 1115 832 1163 aliquis.
863 1116 1019 1165 Quodsi
1046 1117 1141 1165 quis
1168 1119 1292 1166 putet
1323 1118 1455 1157 nimis
1481 1130 1551 1158 me
1578 1120 1641 1158 illi
1666 1130 1834 1159 morem

271 1200 417 1238 gerere
459 1192 502 1229 et
542 1201 651 1238 quae
691 1202 905 1239 nusquam
947 1193 1034 1231 sint
1069 1194 1283 1232 terrarum
1314 1195 1458 1234 videre
1489 1196 1599 1235 velle
1631 1197 1834 1244 quoniam
1858 1200 1868 1207 ¹

271 1266 445 1305 iusserit
476 1267 570 1305 ille:
603 1267 715 1305 hunc
748 1267 890 1315 ipsum
923 1269 1120 1316 equidem
1153 1269 1313 1318 accipio
1345 1271 1543 1310 iudicem.
1577 1271 1752 1320 Aliquot
1781 1272 1833 1311 de

270 1342 499 1381 reconditis
531 1342 717 1380 Terentii
750 1343 917 1382 facetiis
946 1345 1209 1383 scholiastae
1237 1346 1558 1388 observationes
1587 1347 1716 1395 eligat
1741 1348 1832 1396 ipse

270 1418 313 1455 et
338 1418 505 1456 tamdiu
521 1419 667 1456 mente
685 1418 997 1466 contempletur
1013 1420 1146 1458 donec
1162 1430 1310 1458 veram
1328 1431 1477 1459 earum
1493 1421 1723 1469 perspiciat
1739 1432 1830 1460 sen-

268 1493 474 1541 tentiam;
518 1495 613 1532 tum
654 1494 842 1532 Terentii
881 1505 1045 1543 versus,
1090 1497 1142 1534 ad
1184 1506 1290 1544 quos
1327 1497 1425 1535 illae
1456 1498 1682 1548 pertinent,
1717 1498 1832 1538 clara

268 1578 373 1607 voce
414 1569 475 1607 ita
516 1568 667 1607 recitet
708 1570 756 1607 ut
796 1569 966 1607 recitari
1009 1580 1082 1608 eos
1116 1571 1356 1609 Scholiasta
1386 1572 1544 1610 voluit:
1578 1574 1693 1612 recte
1730 1583 1830 1612 eum

267 1641 428 1680 vidisse
475 1643 706 1691 apparebit.
755 1644 890 1692 Magis
935 1655 1037 1683 vero
1082 1646 1356 1694 perspicuum
1401 1645 1476 1685 fiet
1520 1647 1612 1697 hoc,
1657 1647 1695 1686 si
1735 1648 1830 1695 quis

267 1717 403 1756 bonus
448 1720 708 1768 praeceptor,
757 1720 828 1767 qui
874 1730 1103 1767 puerorum
1149 1722 1319 1760 mentes
1366 1732 1515 1770 capere
1557 1724 1601 1762 et
1642 1724 1830 1763 detinere

266 1792 415 1842 possit,
459 1794 502 1832 in
544 1794 658 1833 hunc
688 1795 866 1833 modum
898 1795 1118 1844 discipulis
1150 1797 1240 1835 suis
1271 1798 1445 1845 poetam
1476 1798 1674 1836 nostrum
1703 1798 1828 1837 inter-

265 1869 524 1916 pretabitur:
562 1880 667 1908 mox
699 1870 815 1908 enim
846 1871 890 1908 111
921 1871 1084 1909 deliciis
1116 1881 1214 1910 eum
1247 1872 1309 1910 illi
1339 1872 1567 1912 habebunt.
1601 1873 1655 1911 Et
1685 1873 1830 1912 credat

266 1944 493 1992 quisquam
526 1955 696 1993 semper
725 1946 1003 1984 venustatem
1025 1946 1213 1994 aliquam
1240 1957 1340 1986 vere
1362 1947 1665 1986 Terentianam
1690 1947 1828 1996 lepido

266 2019 393 2058 alicui
419 2020 638 2058 Menandri
666 2020 734 2059 vel
759 2020 1004 2068 Apollodori
1029 2021 1158 2060 verbo
1185 2022 1470 2070 respondere?
1497 2023 1564 2061 Ita
1590 2023 1641 2061 de
1669 2023 1828 2062 Graeco

265 2095 415 2134 Latine
455 2096 623 2134 vertere
664 2106 790 2144 posse
828 2096 1066 2134 humanum
1099 2097 1277 2135 modum
1309 2098 1478 2136 excedit
1507 2098 1729 2146 multoque
1761 2100 1829 2157 est

264 2170 476 2208 difficilius
518 2181 647 2218 quam
679 2181 814 2209 novas
846 2171 1088 2210 comoedias
1119 2172 1295 2210 Latinas
1327 2172 1466 2211 facere
1498 2183 1671 2211 summa
1701 2173 1827 2212 laude

264 2244 427 2293 dignas.
461 2246 608 2294 Legite
639 2246 748 2284 mihi
781 2246 1039 2294 colloquium
1070 2246 1174 2285 illud
1207 2247 1380 2285 Thaidis
1413 2257 1511 2286 cum
1543 2248 1753 2287 Phaedria
1783 2249 1827 2287 et

263 2319 529 2359 Parmenone
560 2321 604 2359 in
634 2321 828 2360 Eunuchi
858 2321 980 2360 initio
1011 2321 1081 2359 vel
1113 2322 1332 2360 Sostratae
1364 2331 1462 2360 cum
1488 2322 1712 2371 Pamphilo
1738 2321 1826 2362 filio

263 2394 306 2433 in
352 2396 543 2444 Hecyra:
586 2396 801 2444 permulta
841 2396 899 2435 ibi
941 2396 1207 2444 cognoscetis
1249 2396 1454 2435 orationis
1497 2397 1673 2447 lumina,
1717 2407 1825 2446 quae

263 2471 459 2519 egregius
489 2471 643 2518 aliquis
674 2473 802 2520 poeta
832 2472 923 2520 ipse
950 2472 1142 2510 invenire
1167 2471 1316 2521 possit,
1346 2471 1556 2511 imitando
1583 2472 1825 2521 exprimere

262 2546 408 2584 omnia
447 2556 501 2584 ne
542 2546 633 2594 ipse
674 2546 847 2594 quidem
888 2546 1025 2594 possit
1060 2546 1223 2594 Apollo.
1259 2545 1450 2594 Cumque
1481 2547 1616 2586 oratio
1648 2547 1824 2586 demum

261 2631 404 2659 mores
445 2621 671 2660 hominum
712 2621 860 2659 reddat
897 2621 1159 2670 conspicuos,
1194 2621 1274 2659 hoc
1305 2621 1392 2659 iam
1426 2621 1685 2660 confidenter
1716 2622 1821 2661 affir-

260 2705 380 2734 mare
420 2705 652 2744 possumus
692 2717 749 2721 ——
792 2697 835 2734 et
875 2695 1015 2744 gratia
1045 2695 1211 2734 Donato
1244 2696 1316 2743 qui
1348 2697 1396 2734 ut
1426 2697 1644 2744 possimus
1676 2697 1820 2736 effece-

260 2772 317 2810 rit
330 2782 342 2827 :⁴
384 2794 436 2799 —
479 2782 565 2810 non
606 2772 747 2810 solum
788 2771 893 2811 locis
935 2773 1004 2810 sat
1043 2771 1194 2810 multis
1235 2771 1479 2811 fabularum
1510 2772 1818 2822 oeconomiam,

261 2856 368 2894 quae
400 2846 511 2895 apud
537 2846 721 2886 Graecos
747 2847 829 2885 fuit
855 2847 1063 2896 auctores,
1092 2846 1317 2885 Terentius
1344 2847 1551 2896 mutavit,
1571 2847 1647 2886 sed
1673 2847 1817 2897 etiam,

260 2922 369 2969 quod
411 2921 455 2959 in
485 2921 652 2971 fabulis,
687 2932 868 2969 quarum
900 2923 991 2960 tam
1024 2921 1210 2969 simplex
1240 2922 1440 2971 narratio,
1474 2922 1611 2961 multo
1642 2921 1819 2960 maioris
