2002 3464
1035 401 1089 439 66

337 526 475 564 Minus
508 516 624 563 certa
655 525 727 564 sed
760 526 908 564 tamen
941 524 1264 573 elegantissima
1288 524 1458 562 videtur
1484 521 1667 570 Bentleji
1693 531 1833 561 emen-

279 601 392 639 datio
424 611 576 639 versus
609 601 706 650 826,
740 601 812 638 ubi
844 600 974 638 Thais
1007 599 1218 638 Chaereae
1251 599 1394 638 audito
1427 599 1621 637 nomine:

428 676 533 725 Quid
565 676 602 714 is
634 676 807 715 obsecro
840 676 892 714 ad
923 677 1034 714 nos?
1065 686 1194 724 quam
1226 675 1276 714 ob
1309 686 1401 714 rem
1433 674 1693 713 adductust‘?

279 751 346 790 Sic
378 751 494 789 enim
525 751 692 800 legitur.
727 751 916 791 Coniecit
947 751 1188 799 Bentlejus:

398 827 503 876 Quid
535 827 572 865 is
603 827 777 866 obsecro
809 827 861 865 ad
892 837 963 865 me
995 827 1070 865 aut
1101 836 1230 874 quam
1263 826 1314 864 ob
1346 835 1439 864 rem
1471 823 1732 863 adductust?

338 903 581 950 Sequuntur
613 904 759 942 autem
790 903 895 942 haec
928 896 1214 948 (832—835):

1196 977 1393 1026 dispudet

457 1054 524 1093 Sic
556 1054 663 1092 mihi
695 1054 795 1093 data
826 1063 921 1092 esse
953 1053 1094 1103 verba,
1128 1053 1227 1101 quid
1259 1053 1360 1092 illuc
1390 1051 1578 1091 hominis
1610 1051 1708 1090 est?

338 1129 412 1178 Py.
456 1129 537 1167 Era
568 1140 666 1168 mea
697 1130 791 1168 tace
822 1130 917 1167 tace
949 1129 1134 1179 obsecro,
1168 1128 1314 1167 salvae
1346 1138 1519 1166 sumus:

455 1205 676 1243 Habemus
707 1205 927 1243 hominem
958 1205 1113 1253 ipsum.
1147 1204 1215 1243 ΤῘι.
1243 1204 1326 1242 Ubi
1353 1204 1390 1242 is
1417 1204 1515 1242 est?
1540 1202 1614 1241 Ph.
1642 1202 1755 1240 Hem
1781 1201 1834 1240 ad

1471 1318 1475 1322 ,
1498 1279 1774 1325 [sinisteram.

337 1355 427 1394 Duo
475 1357 576 1394 sunt
622 1356 666 1394 in
712 1355 865 1403 quibus
911 1355 980 1394 hic
1026 1355 1240 1394 haeream.
1289 1355 1482 1393 Primum
1525 1353 1654 1402 quid
1695 1352 1835 1391 illuc

278 1431 524 1469 hominis
566 1432 652 1469 est
693 1431 910 1470 exclamat
951 1431 1080 1469 Thais
1122 1431 1263 1470 subito
1301 1431 1525 1478 conspecto
1558 1428 1758 1478 Chaerea,
1792 1428 1836 1466 et

278 1516 352 1544 cur
408 1506 623 1545 exclamet
670 1506 909 1545 Scholiasta
955 1506 1122 1555 egregie
1169 1506 1355 1555 explicat
1400 1504 1664 1544 annotando:
1715 1503 1835 1552 „Non

279 1583 472 1630 agnoscit
517 1583 630 1621 hunc
676 1582 896 1621 hominem
938 1582 1158 1631 meretrix,
1202 1582 1301 1630 quia
1342 1582 1423 1620 etsi
1465 1581 1602 1619 adhuc
1641 1578 1833 1618 Eunuchi

277 1659 398 1696 veste
439 1659 613 1697 indutus
656 1660 733 1707 est,
778 1659 972 1696 attamen
1004 1658 1124 1696 exuit
1154 1657 1355 1706 spadonis
1386 1657 1616 1704 incessum,
1650 1654 1831 1702 vultum,

277 1734 556 1782 habitumque
602 1733 801 1782 mutavit,
851 1734 894 1772 et
934 1734 1103 1781 praeter
1142 1734 1312 1771 vestem
1353 1733 1470 1770 totus
1513 1731 1557 1769 in
1598 1729 1834 1769 Chaeream

276 1810 443 1848 rediit.'’
478 1809 558 1847 Sed
588 1809 811 1857 poteratne
842 1808 916 1846 illa
943 1808 1200 1846 exclamatio
1228 1807 1290 1846 sic
1316 1805 1667 1855 praecedentibus
1694 1804 1830 1854 adiici,

276 1886 393 1924 nulla
434 1885 686 1933 interposita
727 1884 878 1922 vocula
909 1894 993 1931 qua
1023 1884 1232 1922 transitus
1263 1883 1517 1932 pararetur?
1547 1881 1707 1920 Deinde
1738 1880 1834 1929 quis

275 1962 394 2000 locus
442 1962 508 1999 est
554 1960 838 1999 interiectioni
885 1960 1005 1997 hem
1052 1960 1151 1997 ante
1198 1969 1248 1997 ea
1287 1958 1417 1997 verba
1459 1957 1612 2006 quibus
1653 1955 1832 2005 Pythias

277 2037 583 2076 adventantem
625 2035 859 2074 Chaeream
901 2036 1127 2083 monstrat,
1172 2034 1400 2083 submissa,
1445 2034 1492 2072 ut
1523 2032 1681 2081 opinor,
1713 2041 1830 2080 voce,

278 2113 430 2160 quippe
472 2122 579 2160 quae
621 2111 746 2150 modo
789 2111 939 2149 heram
981 2111 1029 2148 ut
1068 2111 1231 2148 taceret
1262 2108 1477 2147 monuerit
1509 2110 1585 2153 (vs.
1620 2107 1727 2146 834:
1761 2116 1833 2145 era

276 2198 375 2226 mea
430 2189 524 2226 tace
581 2187 800 2232 obsecro)‘?
857 2185 988 2233 Atqui
1044 2185 1163 2223 hem
1215 2183 1443 2222 clamantis
1490 2184 1556 2221 est
1603 2183 1646 2220 et
1691 2181 1833 2220 subita

275 2274 320 2301 re
361 2263 640 2301 vehementer
680 2261 863 2310 perculsi
894 2260 963 2299 vel
994 2259 1242 2308 perturbati.
1275 2259 1423 2297 Nonne
1455 2257 1621 2306 egregie
1651 2258 1832 2304 utraque

276 2338 503 2377 difficultas
538 2337 703 2376 tollitur
734 2337 771 2374 si
803 2336 917 2374 istud
949 2336 1069 2374 hem
1102 2345 1123 2373 e
1154 2345 1217 2373 vs,
1252 2335 1336 2372 835
1370 2333 1421 2372 ad
1454 2333 1537 2371 833
1571 2331 1832 2380 retrahimus

277 2418 319 2454 et
361 2416 460 2453 ante
497 2413 626 2462 quid
658 2412 796 2450 illuc
827 2410 1073 2450 hominis
1106 2411 1191 2448 est
1222 2409 1452 2458 ponimus?
1482 2408 1593 2446 Nam
1625 2407 1831 2446 Thaidem

276 2491 349 2529 illa
388 2490 453 2528 uti
494 2488 808 2527 exclamatione
849 2487 959 2525 miro
1000 2485 1241 2534 perculsam
1273 2483 1515 2532 spectaculo
1548 2481 1830 2521 adolescentis

276 2566 446 2604 incessu
492 2564 675 2612 ingenuo
717 2563 924 2610 vultuque
966 2561 1140 2610 liberali,
1185 2560 1322 2598 induti
1364 2560 1510 2598 autem
1553 2556 1832 2597 abiectissimi

276 2640 478 2688 mancipii
523 2639 781 2677 vestimento
813 2637 936 2676 facile
969 2622 1261 2684 intelligimus.
1295 2635 1348 2673 Et
1379 2634 1629 2682 plerumque
1660 2632 1832 2680 quidem

277 2717 397 2754 hem
424 2716 558 2753 ictum
590 2714 741 2761 habet;
775 2723 860 2751 non
891 2712 1045 2750 desunt
1076 2712 1224 2749 tamen
1255 2709 1347 2758 loci,
1382 2709 1454 2748 ubi
1485 2709 1529 2747 in
1560 2708 1672 2747 thesi
1698 2707 1831 2746 latere

276 2792 483 2829 videatur.
518 2789 578 2828 Cf.
611 2799 675 2827 VS.
711 2789 820 2827 459:

444 2866 604 2904 Eamus
637 2874 735 2912 ergo
763 2864 815 2901 ad
849 2872 1021 2901 cenam:
1055 2861 1153 2909 quid
1186 2861 1308 2899 stas?
1340 2860 1453 2898 Hem
1484 2859 1680 2907 alterum,

278 2941 347 2979 ubi
390 2941 521 2979 etiarn
554 2940 736 2978 eliditur.
774 2939 864 2988 „Ad
896 2937 1170 2976 sinisteram”
1205 2938 1349 2974 autem
1382 2935 1559 2983 Pythias
1591 2932 1704 2980 dicit,
1738 2932 1830 2970 sive
