2002 3464
0 2928 12 3024 -”·-’.”7,
7 2899 11 2904 ,
0 2809 9 2857 »zv-n

900 384 980 423 177

210 513 280 564 IV,
300 513 331 563 Ι,
354 514 421 552 13.
444 511 574 562 „Vide
590 511 851 559 magistrum
870 511 921 549 ad
934 510 1184 559 nequitiam,
1199 511 1248 548 ut
1259 509 1445 558 simplici
1458 509 1720 548 adolescenti

151 589 389 641 mentiendi
429 588 546 628 viam
589 587 868 636 demonstret,
904 589 947 626 et
979 587 1211 626 honestum
1244 587 1384 625 tentet
1408 586 1570 625 ‘afferre
1603 596 1722 634 argu-

151 666 351 705 mentum
397 665 450 704 ad
490 663 788 702 mendacium:
833 664 1005 711 propter
1048 662 1264 711 clientem,
1299 661 1490 700 amicum
1523 662 1598 700 aut
1631 661 1724 700 hos-

151 742 287 792 pitem
333 741 377 780 in
422 739 525 779 urbe
572 749 742 778 cessare
783 739 973 777 visum.’'
1019 738 1099 776 Pro
1144 747 1371 776 cessare
1414 737 1598 775 visum
1630 736 1724 785 lege

153 815 491 856 cessavisse.
535 814 627 853 Hoc
669 815 786 853 enim
823 814 1099 869 mendacium
1132 823 1284 852 servus
1317 812 1580 852 adolescenti
1613 822 1724 851 corn-

152 891 351 932 mendat:
383 891 581 940 „propter
609 890 824 939 clientem,
855 890 1057 939 amicum,
1087 889 1304 938 hospitem
1331 889 1375 927 in
1392 889 1495 927 urbe
1514 888 1724 927 cessavi.”

212 1041 282 1091 IV,
312 1041 350 1091 2,
382 1040 449 1079 21.
483 1040 613 1090 „Mire
640 1040 866 1078 Terentius
894 1050 967 1079 eos
995 1040 1123 1090 ipsos,
1155 1040 1227 1088 qui
1253 1039 1473 1088 falluntur,
1504 1049 1559 1077 ex
1582 1038 1725 1086 aliqua

149 1118 272 1167 parte
293 1118 442 1156 cautos
458 1116 574 1165 facit,
593 1117 643 1154 ut
660 1125 707 1154 eo
726 1116 1022 1155 delectabilius
1040 1116 1356 1164 spectatoribus
1375 1115 1608 1164 procedant
1627 1114 1723 1153 doli.

150 1193 263 1232 Nam
303 1202 412 1241 quae
453 1191 593 1241 gratia
634 1192 701 1230 est
743 1193 818 1230 aut
850 1191 1077 1230 delectatio
1110 1202 1195 1230 non
1227 1191 1541 1230 stultissimum
1574 1190 1725 1229 falli?”

152 1269 337 1309 Omnino
377 1278 504 1318 non,
549 1268 659 1316 quod
697 1268 797 1323 ante
839 1267 1262 1306 stultissimum
1293 1267 1462 1316 legitur,
1498 1266 1727 1305 delendum

152 1346 231 1396 est,
255 1352 259 1359 ¹
279 1346 329 1384 ut
374 1344 795 1384 stultissimum
842 1344 922 1382 sit:
971 1343 1097 1392 plane
1146 1345 1188 1382 et
1231 1343 1323 1382 sine
1355 1343 1444 1382 ulla
1476 1343 1728 1391 exceptione

152 1421 350 1463 stultum.

213 1497 282 1538 25.
329 1497 511 1547 „Laud0,
556 1496 770 1546 Ctesipho,
815 1496 1053 1545 patrissas”
1097 1496 1229 1535 verba
1270 1495 1377 1534 haec
1409 1497 1512 1534 sunt
1542 1495 1729 1534 Demeae

153 1573 270 1612 senis
301 1572 418 1612 illius
449 1572 581 1611 nimis
613 1572 754 1612 severi
786 1572 1002 1620 nimisque
1037 1582 1141 1611 suae
1174 1571 1256 1610 sibi
1288 1572 1527 1620 sapientiae
1555 1571 1728 1610 conscii.

154 1650 422 1689 Annotatur:
469 1648 785 1697 patrissas]
839 1648 1040 1697 „attende
1089 1658 1220 1696 quam
1262 1648 1370 1687 bene
1413 1648 1641 1687 inventum
1674 1647 1732 1686 sit

154 1726 330 1772 inanem
371 1735 418 1764 se
454 1724 607 1764 dicere.
641 1725 790 1763 Nonne
822 1724 993 1764 videtur
1025 1724 1082 1763 ibi
1115 1724 1417 1773 stultissimus,
1454 1734 1553 1763 cum
1585 1724 1728 1762 huius-

155 1801 272 1840 modi
302 1801 429 1840 laude
459 1811 546 1840 non
576 1801 704 1840 modo
736 1811 783 1840 se
814 1811 898 1840 non
931 1801 1106 1840 laudare
1132 1801 1256 1850 velle⁷
1286 1801 1397 1849 quod
1424 1801 1621 1840 odiosum
1649 1801 1727 1850 est,

155 1877 231 1916 sed
258 1877 392 1916 etiam
417 1875 556 1916 filium
579 1877 691 1926 apud
708 1877 999 1926 intelligentes
1016 1877 1261 1926 vituperare
1278 1876 1518 1916 videatur.”
1537 1876 1729 1915 Emendo

156 1953 242 1992 sic:
290 1953 562 1992 inventus
609 1953 688 1992 s1t
734 1953 924 1992 inanis
972 1963 1147 1992 senex
1194 1963 1268 2002 pro
1317 1953 1612 1991 inventum
1654 1951 1732 1990 sit

157 2029 381 2069 inanem
411 2039 469 2068 se
501 2029 702 2068 dicere.
1306 2009 1310 2013 ⁸

218 2105 288 2145 31.
323 2105 418 2145 Scio
450 2105 523 2144 ubi
554 2105 623 2155 sit,
658 2115 812 2145 verum
845 2105 970 2145 hodie
1002 2116 1225 2154 nunquam
1257 2105 1522 2144 monstrabo.

216 2181 419 2221 Verum
461 2181 625 2220 hodie
667 2192 948 2230 nunquam
980 2182 1335 2228 monstrabo]
1375 2181 1551 2231 „volens
1582 2191 1733 2220 senem

157 2258 327 2298 avidius
358 2267 563 2306 quaerere
590 2258 701 2307 quod
728 2258 798 2297 1110
825 2258 950 2298 ardor
975 2269 1148 2307 semper
1175 2259 1481 2307 paratissimus
1509 2258 1732 2298 credentes

158 2335 293 2374 etiam
324 2333 448 2384 fallit,
482 2333 520 2373 ei
547 2332 672 2383 fingit
698 2344 746 2373 se
773 2334 886 2373 nolle
913 2334 1096 2374 dicere.”
1126 2333 1359 2383 Corrupta;
1388 2334 1620 2383 requiritur
1645 2333 1734 2373 fere

157 2409 494 2450 tardissime
532 2410 834 2450 credentes
865 2421 940 2460 pro
972 2411 1384 2460 paratissimus
1417 2411 1733 2451 credentes

111 2529 113 2531 .
160 2486 269 2525 Sunt
300 2486 448 2525 autem
480 2486 817 2525 tardissime
850 2487 1151 2526 credentes
1184 2487 1431 2536 suspicaces
1463 2487 1662 2525 homines
1690 2487 1734 2525 et

159 2561 232 2611 qui
263 2571 350 2601 non
380 2561 506 2601 facile
538 2560 668 2600 fidem
700 2562 873 2601 habent.

221 2638 290 2677 32.
335 2638 403 2677 At
445 2647 642 2677 nomen
683 2638 877 2678 nescio
921 2639 1086 2678 illius
1119 2639 1390 2678 hominis:
1424 2639 1519 2678 sed
1551 2639 1760 2697 locum*

160 2713 291 2753 novi
338 2713 430 2752 ubi
477 2714 615 2760 siet]
664 2716 816 2764 „recte,
862 2715 962 2763 quia
993 2715 1031 2754 si
1063 2716 1286 2754 hominem
1318 2715 1490 2764 diceret,
1526 2725 1611 2754 non
1645 2715 1738 2752 erat

161 2789 392 2828 errandum
439 2789 587 2838 agnita
634 2800 816 2838 persona
857 2791 1069 2830 hominis:
1104 2792 1147 2829 et
1180 2791 1251 2829 ubi
1284 2790 1450 2829 habitet
1482 2791 1664 2840 cognito,
1699 2790 1738 2828 si

161 2867 290 2905 notus
328 2866 456 2915 esset,
491 2865 610 2904 nulla
641 2875 772 2905 causa
802 2867 1077 2915 quaerendi.”
1113 2866 1276 2905 Sanum
1308 2877 1486 2905 sensum
1520 2866 1620 2905 hinc
1652 2876 1737 2905 non
1787 2892 1790 2895 -

162 2942 352 2981 extundo
384 2942 529 2989 itaque
558 2942 904 2981 emendationem
932 2953 1119 2991 propono
1148 2942 1280 2981 hanc:
1314 2944 1454 2991 „recte
1483 2942 1607 2991 siet,
1638 2943 1738 2990 quia

1596 3011 1631 3042 12
