2002 3464
956 391 1010 429 91

196 515 318 565 ponit
342 515 591 564 loquentem
618 514 907 566 Chremetem,
936 526 1066 565 quem
1087 516 1238 556 volens
1255 527 1391 565 usque
1409 517 1462 556 ad
1480 517 1770 566 cognitionem

196 589 310 631 ffliae
346 601 451 631 suae
482 590 679 640 retinere,
714 602 800 631 non
831 592 936 631 facit
966 591 1096 631 irasci
1126 592 1352 642 Pamphilo
1385 593 1437 632 ob
1470 594 1769 642 contemptum

195 665 310 708 filiae
355 677 472 718 suae,
522 669 565 707 et
606 669 705 717 post
746 668 827 707 hoc
869 669 985 707 abire
1029 669 1080 708 de
1120 669 1316 717 medio’';
1361 670 1490 718 atque
1526 669 1595 708 his
1626 670 1771 709 verbis

195 744 338 783 totum
367 745 520 793 poetae
552 744 781 783 consilium
813 745 976 794 optime
1008 745 1209 794 explicat.

254 818 324 862 ΙΙ.
365 820 590 860 Lectorem
632 820 848 870 admonet,
888 820 927 860 si
957 821 1187 870 peculiaris
1219 822 1431 870 quaedam
1462 824 1672 862 venustas
1704 824 1771 862 est

194 894 239 935 in
280 895 422 945 aliquo
453 896 661 936 vocabulo
693 896 875 946 dictove,
910 897 1021 945 quod
1053 898 1190 937 obiter
1222 898 1449 947 aspicienti
1480 899 1641 938 nullius
1674 909 1770 938 esse

193 971 407 1012 momenti
446 971 583 1011 videri
624 971 774 1022 possit,
819 972 888 1011 vel
930 973 967 1012 si
1010 973 1054 1011 in
1097 973 1309 1013 eiusmodi
1350 975 1558 1014 vocabulo
1601 975 1770 1015 dictove

192 1046 383 1097 lepidum
424 1047 595 1097 aliquod
635 1049 788 1097 poetae
819 1048 1009 1087 cernitur
1041 1049 1283 1088 consilium.
1317 1049 1400 1089 Hic
1430 1050 1622 1099 primum
1657 1061 1768 1090 com-

191 1133 402 1178 memoro.
429 1123 756 1164 annotationem
798 1124 852 1163 ad
882 1124 988 1164 Eun.
1021 1135 1086 1164 vs.
1121 1126 1207 1164 963
1240 1126 1292 1164 de
1325 1136 1410 1174 qua
1441 1136 1572 1176 supra
1603 1127 1769 1167 dictum

192 1204 272 1244 est.
305 1203 499 1254 Pythias,
532 1205 582 1243 ut
613 1203 842 1243 inimicum
868 1214 999 1244 suum
1025 1205 1340 1246 Parmenonem
1369 1207 1620 1256 perterreat,
1649 1217 1768 1246 men-

191 1280 300 1320 titur
340 1278 591 1330 Chaeream,
636 1290 766 1329 quem
808 1281 879 1319 ille
911 1290 986 1330 pro
1013 1280 1220 1321 Eunucho
1252 1283 1305 1321 ad
1338 1282 1547 1322 Thaidem
1580 1283 1768 1322 introdu-

190 1355 318 1407 xerit,
347 1356 406 1396 ibi
433 1356 693 1406 deprensum
720 1357 764 1396 et
789 1356 976 1395 vinculis
1004 1357 1289 1410 constrictum
1306 1368 1463 1397 saevas
1481 1358 1582 1397 dare
1594 1368 1768 1407 poenas.

192 1431 276 1472 Hic
305 1431 400 1472 ille:

312 1507 416 1558 Quis
445 1508 577 1548 homo
608 1519 684 1558 pro
715 1509 897 1549 moecho
929 1520 1122 1558 unquam
1153 1510 1264 1550 vidit
1295 1511 1340 1550 in
1367 1511 1495 1551 domo
1522 1510 1771 1551 meretricia

309 1585 464 1624 Prendi
491 1586 787 1634 quemquam?

190 1662 327 1711 rogat,
361 1662 406 1701 et
435 1661 667 1711 respondet
697 1662 879 1710 Pythias
911 1662 972 1701 nil
1004 1663 1110 1702 nisi:
1149 1663 1363 1713 „nescio”
1398 1663 1562 1714 Quotus
1589 1664 1770 1713 quisque

192 1738 261 1776 est
286 1737 359 1786 qui
385 1738 539 1786 sponte
565 1737 782 1787 intelligat
809 1748 941 1786 quam
966 1738 1158 1787 lepidum
1186 1739 1291 1778 illud
1318 1739 1495 1794 Thaidis
1511 1750 1770 1789 responsum

190 1813 261 1863 sit,
290 1822 420 1862 quam
448 1813 675 1862 Pythiadis
700 1824 910 1873 personae
937 1815 1101 1864 aptum,
1115 1816 1385 1864 ‘quantopere
1402 1816 1475 1855 illo
1491 1816 1769 1855 mendacium

191 1889 285 1928 eius
311 1889 572 1928 adiuvetur?
598 1889 657 1928 At
683 1890 831 1929 omnia
857 1890 932 1930 illa
958 1890 1082 1930 nobis
1109 1891 1248 1930 reddit
1274 1892 1501 1941 perspicua
1527 1892 1770 1932 Scholiasta

191 1974 244 2004 ea
274 1965 532 2017 annotando,
568 1975 678 2014 quae
709 1977 749 2015 p.
785 1967 808 2006 7
815 1967 840 2006 3
875 1967 1019 2006 citavi.
1162 1963 1163 1966 ’

250 2041 382 2082 Andr.
428 2042 527 2082 534.
571 2041 779 2081 Chremes
821 2041 958 2081 filiam
1000 2053 1128 2082 suam
1171 2043 1375 2082 daturum
1413 2054 1460 2083 se
1492 2044 1768 2094 adolescenti,

190 2127 321 2166 quem
347 2117 536 2157 amicam
561 2118 719 2158 habere
747 2120 1008 2169 cognoverit,
1037 2120 1236 2169 negavit;
1266 2120 1385 2159 Simo
1403 2122 1573 2171 tamen,
1608 2121 1769 2160 adoles-

191 2193 329 2233 centis
365 2195 500 2244 pater,
534 2194 586 2234 de
623 2195 916 2234 contrahenda
947 2205 1047 2234 cum
1079 2195 1152 2235 illo
1185 2195 1396 2235 affinitate
1427 2206 1514 2235 non
1540 2190 1768 2246 desperat:

190 2270 236 2309 in
262 2279 452 2310 errorem
479 2270 597 2310 enim
624 2281 725 2310 eum
750 2270 860 2310 Davi
887 2271 1004 2310 servi
1031 2271 1204 2311 induxit
1230 2273 1530 2312 commentum
1553 2273 1604 2312 de
1621 2273 1770 2312 litibus

192 2346 306 2386 inter
347 2346 536 2386 amicam
578 2348 906 2396 amatoremque
949 2348 1068 2387 ortis».
1114 2348 1245 2387 Orare
1278 2359 1379 2398 ergo
1412 2347 1689 2388 Chremetem
1721 2352 1771 2389 ut

193 2422 423 2462 consilium
465 2423 609 2463 mutet
649 2423 864 2472 decernit3
908 2424 1075 2463 interea
1116 2424 1292 2473 nuptias
1333 2425 1477 2473 parari
1509 2425 1628 2464 iubet
1659 2427 1767 2464 tam-

193 2508 324 2547 quam
356 2498 483 2538 hodie
514 2499 697 2539 futuras.
731 2500 910 2549 Iamque
938 2500 991 2539 ad
1019 2499 1295 2539 Chremetem
1323 2501 1566 2549 profecturo
1594 2501 1767 2550 obviam

191 2574 284 2624 ipse
317 2574 389 2614 ille
420 2575 553 2625 venit,
587 2576 660 2624 qui
691 2576 755 2615 sic
787 2586 887 2615 eum
920 2576 1174 2625 alloquitur:

1086 2653 1243 2702 Optato
1276 2653 1468 2692 advenis.

310 2726 488 2775 Aliquot
514 2737 585 2766 me
612 2728 822 2778 adierunt,
848 2739 903 2767 ex
920 2730 963 2768 te
982 2729 1179 2767 auditum
1196 2729 1269 2777 qui
1287 2728 1446 2778 aibant,
1466 2728 1592 2767 hodie
1610 2729 1769 2768 nubere

311 2803 452 2842 Meam
484 2801 622 2842 filiam
653 2805 728 2843 tuo
761 2806 915 2853 gnato:
950 2804 991 2843 id
1023 2804 1118 2843 viso
1150 2806 1229 2843 tun
1261 2815 1316 2843 an
1348 2804 1411 2843 illi
1443 2805 1675 2844 insaniant.

194 2878 466 2918 Stomachari
498 2889 611 2928 eum,
646 2880 719 2927 qui
749 2880 813 2919 sic
844 2880 1045 2930 loquitur,
1080 2891 1135 2918 ex
1167 2881 1367 2919 omnibus
1400 2882 1578 2929 apparet
1609 2881 1765 2930 verbis,

190 2955 266 2994 sed
293 2965 316 2994 e
344 2954 462 2994 nullo
488 2953 631 3003 magis
657 2965 789 3003 quam
817 2966 872 2995 ex
899 2966 984 2995 uno
1012 2941 1085 2995 illo
1114 2956 1392 3006 adierunt,
1414 2957 1535 2995 cuius
1553 2942 1782 2996 acerbitas
