2002 3464
929 385 984 424 65

725 640 870 679 Ac'rus
901 640 939 678 V
972 641 1116 680 SCENA
1151 642 1187 679 1.

229 817 361 857 Thais
395 816 537 866 prodit
569 826 668 855 cum
699 816 911 865 Pythiade
945 816 1249 865 expostulans:
1284 816 1392 855 haec
1423 817 1540 855 enirn
1573 817 1612 856 ei
1645 817 1745 865 quid

170 895 348 934 absente
390 905 441 934 ea
481 894 598 933 domi
629 894 794 933 factum
826 894 886 933 sit
916 894 1121 943 narravit,
1156 894 1225 932 vel
1257 894 1401 942 potius
1432 904 1508 942 per
1539 894 1745 942 ambages

169 970 388 1020 indicavit,
417 970 783 1019 quemadmodum
809 980 874 1009 vs.
904 970 988 1009 723
1018 980 1043 1008 a
1069 969 1251 1008 Doriade
1278 969 1446 1008 monita
1473 971 1577 1009 erat.
1606 970 1746 1008 Verba

169 1047 263 1087 eius
293 1046 583 1109 subsanniens
602 1046 746 1094 ,Thais
772 1046 930 1095 repetit
962 1048 1040 1092 (VS.
1075 1046 1160 1084 818
1194 1049 1330 1095 sqq.):

466 1131 574 1182 Scio,
608 1131 766 1182 nescio,
801 1130 930 1183 abiit„
954 1130 1111 1180 audivi,
1147 1141 1224 1180 ego
1257 1142 1343 1170 non
1375 1131 1504 1170 adfui.

465 1207 596 1257 Virgo
629 1207 849 1247 conscissa
879 1208 1002 1246 veste
1034 1207 1283 1246 lacrumans
1315 1207 1498 1255 obticet;

465 1283 698 1322 Eunuchus
731 1283 849 1322 abiit.

168 1367 219 1407 In
265 1368 420 1417 quibus
460 1378 597 1407 unum
638 1370 788 1407 tamen
830 1369 924 1406 erat
965 1368 1077 1416 quod
1120 1351 1362 1407 cuiusmodi
1404 1379 1473 1407 res
1519 1369 1747 1408 accidisset

168 1444 278 1484 satis
303 1444 501 1484 redderet
526 1444 815 1494 perspicuum.
844 1444 1105 1483 Rectissime
1133 1437 1250 1483 enim
1279 1445 1332 1484 ad
1354 1455 1506 1484 vocem
1529 1445 1748 1484 obticet

169 1520 412 1561 Scholiasta
442 1522 645 1561 annotat:
678 1521 976 1572 „Tacemus
1004 1521 1195 1571 consilia,
1225 1521 1538 1560 reticemus
1565 1522 1745 1572 doloreS,

168 1594 490 1638 obticemus
522 1609 706 1647 quorum
738 1608 818 1637 nos
849 1598 1023 1647 pudet.”

233 1674 353 1724 „Non
398 1674 541 1714 fuerat
581 1674 815 1714 Eunuchus
857 1674 928 1713 ille
973 1684 1112 1724 verus,
1157 1675 1233 1713 sed
1276 1673 1468 1714 Chaerea
1510 1675 1747 1715 Phaedriae

166 1750 301 1790 frater
341 1751 458 1790 illius
497 1752 621 1790 veste
662 1751 839 1799 sumpta
879 1750 962 1788 sibi
1009 1750 1061 1789 ad
1104 1750 1319 1799 virginem
1348 1751 1515 1790 aditum
1548 1752 1746 1800 paravit”

95 1873 100 1878 .
167 1827 279 1866 hanc
310 1827 626 1871 confessionem
658 1827 735 1866 vix
766 1826 968 1875 Pythiadi
1000 1828 1253 1880 extvorquet;
1289 1828 1332 1866 et
1359 1827 1518 1866 iterum
1547 1828 1652 1867 hera
1678 1827 1747 1866 his

168 1903 312 1942 verbis
343 1913 443 1943 eam
475 1903 730 1952 corripiente
763 1906 841 1949 (vs.
876 1903 961 1942 829
995 1906 1100 1951 sq.):

951 1987 1058 2037 Quid
1091 1987 1168 2037 ais,
1204 1987 1450 2037 sacrilega?

415 2065 604 2104 Istucine
636 2063 918 2104 interminata
949 2074 1049 2103 sum
1081 2064 1182 2103 hinc
1215 2064 1364 2103 abiens
1396 2064 1507 2103 tibi?

171 2149 400 2199 respondet
431 2149 639 2198 Pythias:

407 2233 515 2284 Quid
545 2234 766 2274 facerem?
798 2235 861 2274 ita
894 2236 940 2274 ut
971 2234 1087 2284 iusti,
1122 2234 1204 2274 soli
1238 2234 1458 2273 creditast.

170 2320 312 2368 Atque
344 2319 476 2359 Thais

527 2404 719 2443 Scelesta
750 2415 878 2444 ovem
909 2404 1009 2453 lupo
1047 2403 1282 2443 commisti.

229 2487 355 2528 Haud
410 2488 536 2528 dubie
591 2489 733 2538 ipsam
790 2489 979 2528 Terentii
1036 2499 1219 2528 manum
1275 2488 1468 2527 restituit
1526 2488 1748 2537 Bentlejus

170 2564 430 2604 commisi
468 2564 647 2614 legendo
689 2575 765 2614 pro
809 2564 1112 2604 commisti.
1159 2564 1535 2614 Quemadmodum
1578 2565 1694 2603 enim
1728 2547 1763 2603 e*

169 2640 450 2689 sequentibus
491 2643 680 2691 apparet,
723 2641 856 2681 finem
888 2641 958 2680 hic
989 2641 1079 2680 iam
1111 2641 1244 2680 Thais
1276 2641 1381 2680 facit
1413 2641 1457 2680 in
1489 2641 1748 2689 Pythiadem

170 2716 401 2756 invehendi
442 2718 487 2756 et
517 2727 749 2766 agnoscere
782 2717 932 2767 incipit
964 2728 1011 2756 se
1045 2717 1229 2756 stultam
1261 2717 1409 2767 fuisse,
1445 2727 1553 2766 quae
1587 2717 1750 2766 imponi
1787 2746 1791 2750 .

169 2793 252 2832 sibi
283 2803 414 2842 passa
444 2793 514 2832 sit.
547 2793 601 2832 Et
632 2795 699 2832 est
725 2793 830 2833 illud
856 2794 1113 2833 scelesta
1139 2794 1281 2832 semet
1309 2796 1409 2832 cum
1435 2793 1748 2832 lamentatione

170 2869 423 2909 incusantis.
458 2867 519 2908 Cf.
554 2868 709 2908 Heaut.
745 2870 854 2908 970:

318 2954 524 3003 Disperii:
559 2954 770 2994 scelestus
801 2957 986 3003 quantas
1019 2950 1168 2994 turbas
1202 2954 1368 2994 concivi
1401 2955 1611 2994 insciens!
