2002 3464
924 389 980 428 53

164 516 418 566 emerim,
460 514 572 565 quod
612 514 682 553 vel
723 514 817 553 ideo
860 514 990 564 probo
1022 514 1228 562 quoniam
1260 514 1390 563 quid
1422 514 1542 564 egi?
1574 516 1739 554 certam

163 592 247 634 sibi
291 591 422 635 habet
462 589 837 640 significationem,
872 600 1003 638 quam
1036 600 1062 629 a
1094 590 1258 630 comico
1292 591 1500 630 intortam
1533 600 1629 630 esse
1661 590 1738 630 vix

164 667 429 714 crediderim.
473 665 597 707 Certe
644 666 788 715 inepte
835 666 1061 714 vulgatam
1109 667 1300 706 defendit
1345 667 1418 715 qui
1465 667 1518 706 ad
1564 666 1737 708 Phorm.

162 755 228 784 vs.
261 744 348 784 980
383 743 510 793 „quid
541 752 671 791 agam
703 752 803 781 cum
835 742 907 781 illo
939 742 1086 782 nescio
1118 743 1322 791 prorsus”
1355 743 1573 792 provocat.

222 820 466 869 Interrogat
496 818 719 858 hominem
750 818 973 868 Phaedria,
1009 819 1052 857 et
1079 818 1150 857 ille
1178 829 1203 857 a
1231 819 1442 857 Phaedria
1468 829 1514 858 se
1542 820 1737 868 emptum

163 895 371 946 agnoscit.
415 895 498 934 Sed
538 904 656 943 mox,
700 894 981 943 permittente
1014 894 1236 943 Phaedria,
1271 895 1563 944 interrogandi
1594 896 1739 944 partes

162 971 345 1027 suscipit
374 971 568 1022 Pythias,
602 970 671 1010 his
704 970 848 1009 verbis
882 972 960 1016 (vs.
997 971 1123 1017 692):

744 1046 904 1085 venisti
936 1046 1062 1085 hodie
1095 1047 1148 1085 ad
1181 1048 1292 1086 nos?
1324 1048 1466 1096 negat.

221 1125 444 1177 Sequitur:
507 1124 566 1165 At
596 1123 668 1164 ille
701 1124 810 1163 alter
840 1123 962 1163 venit
994 1134 1130 1163 annos
1162 1125 1292 1163 natus
1324 1124 1536 1163 sedecim:

247 1194 251 1201 ¹
508 1200 645 1250 Quem
675 1210 826 1239 secum
858 1200 1039 1239 adduxit
1070 1200 1295 1239 Parmeno.

155 1277 266 1334 'Quis
291 1277 362 1319 hic
388 1277 610 1327 loquitur?
637 1276 907 1325 Pythiasne?
934 1276 993 1315 At
1015 1276 1115 1325 quid
1132 1276 1195 1316 illi
1214 1286 1322 1325 opus
1339 1277 1406 1316 est
1422 1276 1739 1315 Parmenonem

161 1354 418 1399 nominare?
450 1353 608 1394 Totum
640 1353 757 1393 istud
784 1363 1166 1402 quemsecum
1199 1353 1440 1392 adduxit
1467 1353 1739 1391 Parmeno

162 1429 332 1480 egregie
386 1430 593 1470 Eunucho
640 1430 854 1480 convenit,
904 1430 977 1478 qui
1024 1431 1183 1479 putans
1230 1430 1547 1470 Parmenonem
1595 1429 1739 1468 solum

160 1507 395 1546 venturum
421 1506 471 1544 ut
496 1515 544 1544 se
571 1506 821 1555 arcesseret,
851 1516 937 1544 non
968 1500 1238 1554 intelligebat
1266 1516 1341 1544 6111
1367 1505 1738 1545 adolescentulum

144 1592 354 1622 v>secum
396 1581 717 1621 adduceret.
761 1582 830 1621 An
871 1580 965 1621 fieri
1007 1592 1093 1621 non
1133 1582 1276 1631 potuit
1312 1583 1361 1621 ut
1393 1582 1626 1621 Eunuchus
1658 1582 1737 1630 pri-

161 1669 286 1699 mum
318 1658 458 1709 capite
490 1658 710 1707 abnueret,
744 1658 908 1708 deinde,
937 1659 1170 1707 postquam
1197 1658 1380 1707 Pythias
1406 1658 1518 1697 dixit
1544 1659 1736 1707 negat,

160 1735 276 1776 ultro
317 1734 516 1786 adderet:
564 1735 648 1783 „at
689 1734 790 1774 ille
823 1734 973 1773 alter
1006 1756 1059 1762 ——
1093 1734 1428 1774 Parmeno''?
1459 1734 1603 1774 Etiam
1630 1744 1739 1782 quae

162 1821 228 1851 vs,
262 1810 348 1851 702
379 1809 605 1860 leguntur:

310 1885 452 1927 Meam
483 1886 574 1936 ipse
606 1885 767 1926 induit:
800 1887 900 1935 post
930 1896 1017 1925 una
1049 1885 1176 1925 ambo
1209 1867 1407 1925 abierunt
1438 1886 1555 1925 foras

221 1962 454 2006 Eunuchus
515 1962 618 2002 dicit
678 1972 765 2001 non
820 1963 1010 2011 rogatus.
1073 1961 1127 2001 Et
1182 1961 1340 2002 melius
1397 1962 1548 2001 deinde
1607 1962 1739 2002 verba

163 2039 264 2086 (694
286 2040 418 2087 sqq.):

922 2114 1107 2163 agedum
1139 2115 1220 2155 hoc
1251 2115 1312 2153 mi
1345 2114 1498 2164 expedi

279 2190 499 2232 Primum:
532 2191 665 2230 istam
697 2201 828 2240 quam
860 2191 994 2231 habes
1024 2191 1137 2230 unde
1164 2191 1297 2230 hab-es
1324 2191 1527 2230 vestem?
1542 2191 1707 2229 taces?

281 2267 523 2308 Monstrum
553 2267 743 2309 hominis
774 2277 860 2307 non
891 2267 1131 2306 dicturu's?

163 2343 367 2392 Pythiadi
403 2342 630 2386 dabuntur.
674 2342 785 2382 Tum
827 2343 1083 2383 Eunuchus:
1126 2342 1281 2392 „Venit
1313 2342 1545 2392 Chaerea,”
1585 2344 1629 2382 et
1667 2342 1740 2382 1116

163 2421 342 2461 demum
382 2419 557 2460 nomine
598 2420 744 2460 audito
776 2430 927 2460 rursus
958 2420 1169 2459 Phaedria
1200 2431 1351 2469 rogare
1383 2420 1545 2470 incipit.
1580 2419 1740 2470 Quodsi

163 2498 279 2538 recte
319 2497 371 2543 de
411 2507 476 2536 vs.
511 2497 596 2537 693
629 2507 692 2546 sq.
726 2497 900 2546 conieci,
934 2497 1072 2546 lepide
1104 2497 1349 2546 Eunuchus,
1386 2508 1516 2546 quem
1547 2497 1739 2547 primum

167 2573 319 2624 „illum
359 2573 573 2615 alterum”
613 2573 735 2624 dixit,
769 2583 883 2614 nunc
915 2573 1048 2613 minis
1080 2575 1258 2613 coactus.
1287 2583 1366 2613 suo
1398 2574 1574 2613 nomine
1607 2556 1738 2613 Chae*-

163 2661 286 2695 ream
327 2649 526 2700 appellat.
569 2650 623 2689 Et
664 2650 776 2700 quod
817 2650 871 2689 ad
914 2650 1036 2690 illam
1078 2650 1368 2689 coniecturam
1409 2650 1607 2700 pertinet,
1641 2650 1739 2689 vide

98 2760 105 2770 ,
164 2737 228 2767 vs.
274 2726 383 2766 702:
430 2727 554 2776 „post
594 2736 681 2766 una
721 2726 849 2766 ambo
891 2726 1089 2766 abierunt
1120 2726 1278 2765 foras.'’
1314 2726 1450 2765 Audis
1482 2726 1759 2765 Eunuchum.

166 2813 266 2847 cum
308 2802 482 2854 stupida
521 2802 708 2851 quadam
739 2802 1025 2842 admiratione
1058 2803 1308 2841 narrantem
1340 2802 1390 2841 de
1423 2813 1469 2842 re
1500 2802 1626 2851 plane
1658 2801 1740 2840 sibi

166 2878 359 2920 obscura.

226 2955 380 2995 Metuit
421 2955 568 2994 autem
600 2954 810 2994 Phaedria
841 2965 895 2994 ne
926 2955 1090 2994 veritas
1122 2964 1148 2993 a
1178 2953 1339 2993 Thaide
1371 2953 1440 2993 vel
1473 2965 1498 2993 a
1529 2953 1740 3002 Pythiade
