2002 3464
1037 406 1117 443 194

296 531 388 570 sine
420 531 547 570 calce.
581 529 855 578 Ineptissime
886 540 987 568 vero
1020 529 1082 568 ad
1114 530 1349 568 amicam
1381 540 1493 569 nunc
1525 530 1624 569 huic
1656 530 1859 578 adhaeret

295 606 468 655 scholio,
504 616 603 645 cum
634 606 762 644 fuerit
792 606 956 643 lemma
989 605 1223 653 sequentis.

357 683 426 721 38.
1035 681 1184 720 Nonne
1216 691 1266 719 ea
1297 681 1570 720 dissimulare
1602 692 1681 720 nos

473 757 607 805 Magis
649 757 888 795 humanum
930 757 1008 805 est,
1053 767 1182 804 quam
1220 756 1319 795 dare
1351 767 1537 806 operam,
1573 757 1615 795 id
1647 757 1756 796 scire
1787 757 1859 806 qui

1521 834 1614 878 [nos
1646 832 1796 872 oderit.

355 908 527 956 Magis
569 909 881 953 humanum]
931 907 1062 956 „bene
1103 907 1202 955 quia
1244 908 1286 946 et
1327 908 1430 946 illud
1462 908 1703 946 humanum
1737 907 1856 946 dissi-

294 984 502 1022 mulare.''
545 983 734 1032 Apparet
774 993 848 1031 pro
891 982 1257 1021 dissimulare
1298 983 1527 1031 legendum
1570 993 1665 1021 esse
1702 982 1859 1022 foras

294 1059 548 1107 proferre
593 1058 663 1096 vel
709 1058 867 1106 aliquid
914 1058 957 1096 in
1004 1068 1100 1096 eam
1147 1059 1421 1097 sententiam.
1473 1059 1565 1097 Hoc
1608 1058 1724 1097 enim
1765 1058 1860 1098 vult

295 1134 508 1173 scholion:
570 1133 964 1182 „dissimulare
1021 1133 1114 1171 ideo
1171 1134 1285 1172 recte
1331 1134 1512 1182 magis
1559 1134 1858 1173 humanum

295 1210 460 1258 dicitur,
503 1209 603 1256 quia
645 1209 777 1247 etiam
809 1209 919 1256 quod
951 1209 988 1247 ei
1019 1208 1245 1257 opponitur
1275 1209 1574 1247 humanum
1608 1199 1716 1248 est.”
1750 1209 1858 1255 (Hu-

293 1294 511 1324 manum
544 1284 660 1322 enim
691 1284 823 1323 etiam
855 1285 905 1322 de
938 1284 1051 1322 male
1082 1284 1207 1322 factis
1240 1284 1476 1334 adhibetur,
1509 1285 1560 1322 de
1588 1284 1778 1333 peccatis
1804 1294 1859 1323 ex

294 1361 485 1399 humana
515 1359 809 1398 imbecillitate
841 1359 983 1405 natis).

355 1437 423 1475 55.
457 1435 522 1474 Ad
555 1445 752 1473 versum:

477 1511 569 1550 Hoc
606 1510 667 1548 mi
697 1521 833 1549 unum
865 1521 919 1548 ex
950 1510 1147 1558 plurimis
1178 1510 1366 1548 miseriis
1397 1497 1606 1549 relicuum
1640 1510 1782 1549 fuerat

1677 1585 1857 1631 [malum

298 1664 550 1701 annotatur:
588 1672 716 1710 „nam
748 1672 833 1700 non
864 1661 1076 1699 mediocre
1109 1661 1186 1709 est,
1217 1660 1327 1707 quod
1359 1660 1556 1698 omnium
1582 1659 1857 1699 miseriarum

299 1740 366 1777 est
405 1738 622 1786 ultimum,
667 1738 710 1775 et
750 1737 861 1774 inter
902 1736 1019 1774 mala
1059 1736 1209 1785 multa,
1249 1736 1358 1783 quod
1391 1735 1452 1773 sic
1484 1735 1761 1784 accipimus.'’
1793 1734 1858 1773 Ex

295 1814 433 1861 quod
465 1813 546 1851 sic
578 1812 887 1860 accipimus
914 1811 1080 1850 nullum
1107 1821 1262 1849 sanum
1290 1820 1468 1849 sensum
1495 1810 1707 1858 extundo;
1735 1810 1858 1849 credo

296 1889 387 1927 eius
443 1889 594 1927 natum
645 1887 982 1936 importunitate,
1031 1887 1103 1934 qui
1147 1886 1339 1925 scholion
1384 1886 1603 1925 vocabulis
1649 1885 1859 1924 addendis

295 1964 540 2012 corruperit.
592 1963 686 2002 Non
732 1963 848 2001 6111111
894 1962 1039 2000 dubito
1086 1961 1188 2009 quin
1234 1961 1337 2000 olim
1383 1960 1678 1999 huiuscemodi
1724 1960 1854 1999 fuerit

295 2041 508 2079 scholion:
561 2050 689 2088 „nam
734 2049 819 2077 non
864 2037 1077 2076 mediocre
1124 2038 1202 2086 est,
1249 2037 1359 2084 quod
1405 2036 1599 2074 omnium
1640 2035 1854 2074 malorum

296 2116 501 2155 ultimum
533 2116 576 2154 et
607 2115 718 2153 inter
749 2114 866 2152 mala
896 2113 1035 2151 multa
1066 2113 1278 2160 reliquum
1311 2112 1589 2160 accipimus.'’

356 2265 425 2314 IV,
461 2266 499 2315 2,
537 2266 588 2304 12
621 2275 712 2312 sqq.
747 2264 900 2309 (Verba
931 2262 1145 2311 Pamphili
1176 2262 1278 2300 sunt
1309 2261 1362 2299 ad
1393 2261 1628 2306 matrem):

829 2339 1005 2387 Quaeso,
1039 2337 1138 2386 quid
1169 2337 1281 2375 istuc
1313 2336 1479 2374 consilii
1511 2337 1609 2374 est?

386 2416 506 2454 illius
538 2415 723 2454 stultitia
753 2415 880 2463 victa,
914 2424 969 2452 ex
998 2413 1102 2452 urbe
1132 2413 1181 2450 tu
1211 2421 1284 2450 rus
1315 2411 1559 2450 habitatum
1589 2411 1782 2460 migres?

385 2492 478 2530 Non
494 2491 647 2530 facies:
666 2501 803 2538 neque
820 2490 961 2528 sinam
977 2490 1026 2527 ut
1042 2487 1114 2536 qui
1130 2487 1263 2535 nobis,
1278 2487 1429 2536 mater,
1443 2486 1723 2525 maledictum
1735 2486 1852 2536 velit,

387 2567 480 2605 Mea
510 2565 744 2614 pertinacia
775 2575 870 2603 esse
902 2565 1015 2603 dicat
1044 2564 1219 2611 factum,
1253 2562 1367 2600 haud
1398 2563 1474 2600 tua
1504 2562 1727 2601 modestia.

299 2642 418 2681 Sch.:
452 2642 564 2679 Mea
594 2641 916 2689 pertinacia
947 2649 1070 2678 esse
1097 2638 1249 2676 dicat
1274 2637 1501 2683 factum]
1535 2637 1852 2687 „beneretinet,

299 2728 430 2769 quum
471 2717 565 2755 vult
605 2726 684 2754 sua
724 2716 932 2754 interesse
973 2724 1027 2752 ne
1062 2712 1180 2751 fiat.''
1214 2713 1351 2751 Locus
1384 2712 1745 2763 corruptissimus,
1779 2713 1854 2752 sed

298 2793 348 2831 de
390 2791 687 2830 emendatione
723 2801 809 2829 non
840 2789 1163 2838 desperandum.
1196 2788 1385 2826 Verbum
1416 2788 1436 2826 1
1444 2788 1524 2826 iat
1555 2798 1632 2826 suo
1663 2788 1853 2827 subiecto

299 2878 441 2906 carere
468 2877 552 2905 non
579 2867 732 2915 potest,
752 2876 888 2913 neque
905 2875 982 2903 suo
999 2864 1162 2903 obiecto
1179 2863 1358 2901 verbum
1376 2873 1396 2900 r
1409 2873 1430 2900 e
1442 2863 1523 2900 tin
1537 2863 1601 2911 et;
1624 2864 1852 2910 utrumque

298 2944 404 2981 latet
446 2943 487 2980 in
530 2952 712 2990 quum,
758 2941 823 2979 cui
866 2941 1008 2978 nullus
1045 2940 1113 2977 hic
1144 2939 1274 2987 locus,
1309 2939 1563 2986 quapropter
1595 2936 1852 2976 confidenter
