2002 3464
1007 387 1087 427 192

268 512 304 551 A
336 512 541 560 principio
582 511 696 550 idem
728 512 973 561 elaboravit,
1009 515 1055 551 ut
1086 513 1291 552 adversus
1323 513 1528 562 pudorem
1563 511 1823 551 conscientia

268 588 311 625 et
342 597 445 625 voce
478 588 520 625 et
547 587 812 626 confessione
839 588 1051 626 duraret.”
1080 587 1246 626 Ultima
1273 588 1378 626 haec
1406 598 1430 626 a
1459 587 1738 636 principio
1777 607 1818 613 —-

270 663 498 700 duraret
529 672 658 700 sensu
691 672 814 701 cassa
847 663 1054 711 videntur,
1089 673 1225 710 neque
1257 663 1445 711 suppetit
1477 662 1733 701 emendatio.

329 738 396 776 23.
431 738 503 776 Ab
537 738 727 776 nescio
761 749 860 786 quo
888 738 1151 786 improbo]
1186 739 1341 787 „...ut
1368 738 1564 777 ostendat
1593 737 1823 786 ignobilem

269 813 329 851 ita
370 813 597 851 abiectum.
641 813 720 851 Pro
753 813 833 851 ita
863 813 1091 861 legendum
1124 823 1274 852 censeo
1306 814 1519 861 itaque:
1554 813 1750 851 abiicitur
1781 813 1824 851 et

269 889 558 927 contemnitur
588 888 716 927 homo
751 888 859 936 quod
891 889 1062 937 ignotus
1095 890 1172 927 est.

328 965 396 1002 33.
435 963 641 1020 >Quaestio
684 964 734 1001 de
776 963 1008 1013 mensibus,
1052 964 1095 1002 in
1137 974 1220 1012 qua
1255 965 1394 1002 totum
1427 963 1595 1002 fabulae
1627 951 1841 1002 versatur]

269 1041 584 1088 argumentum,
633 1039 713 1078 hoc
759 1039 919 1077 scholio
965 1041 1261 1088 pertractatur,
1306 1040 1379 1078 sed
1412 1039 1570 1078 misere
1603 1038 1825 1077 turbatum

268 1114 384 1153 illud.
432 1114 524 1153 Hoc
568 1115 716 1153 tamen
764 1117 939 1163 apparet
985 1116 1205 1154 auctorem
1253 1115 1344 1153 eius
1390 1125 1482 1153 rem
1526 1114 1693 1163 egregie
1734 1124 1822 1163 per-

269 1189 476 1238 spexisse.
1137 1227 1141 1232 ,
1634 1181 1645 1187 “

329 1266 397 1304 38.
446 1265 702 1303 abortum
749 1266 897 1310 esse]
950 1265 1097 1314 „deest
1144 1267 1334 1304 natum
1383 1265 1452 1304 vel
1497 1265 1709 1304 factum
1754 1263 1826 1303 vel

270 1340 484 1387 absolute;
533 1340 742 1387 quomodo
789 1340 971 1386 dicimus
1017 1351 1039 1378 e
1071 1351 1125 1379 re
1166 1343 1318 1390 nata,
1364 1341 1430 1379 vel
1463 1323 1824 1388 quemadmodum

269 1416 451 1454 dicimus
483 1426 538 1454 ex
567 1417 610 1454 te
642 1416 749 1453 mihi
781 1418 874 1454 orta
906 1418 973 1454 est
1003 1416 1199 1455 iniuria.”
1233 1417 1350 1455 Haec
1382 1427 1547 1464 quoque
1577 1414 1824 1464 perturbata

269 1492 330 1530 ita
360 1492 409 1529 ut
437 1491 524 1529 iam
555 1492 724 1530 restitui
755 1493 981 1540 nequeant.
1426 1482 1429 1486 ’

330 1642 403 1691 III,
433 1642 471 1691 4,
502 1643 540 1680 6.
569 1642 607 1679 M
621 1641 633 1679 i
646 1651 667 1679 s
680 1651 701 1679 e
713 1652 733 1679 r
745 1640 758 1678 i
771 1651 796 1679 a
807 1643 842 1686 s]
876 1641 1198 1689 „navigationes
1215 1640 1420 1679 scilicet.”
1439 1640 1578 1678 Immo
1605 1649 1634 1677 n
1646 1649 1671 1678 a
1681 1649 1708 1677 v
1720 1638 1735 1677 i
1746 1648 1774 1687 g
1783 1648 1822 1677 a·

270 1720 288 1756 t
300 1718 312 1755 i
326 1728 348 1756 o
361 1717 446 1755 nis
462 1728 469 1755 :
504 1717 554 1755 de
585 1727 670 1755 una
701 1716 770 1754 hic
801 1716 1073 1764 navigatione
1106 1716 1246 1764 agitur
1278 1716 1452 1763 eiusque
1479 1714 1678 1754 miserias
1704 1713 1826 1752 Sosia

271 1791 496 1841 significat.

333 1869 398 1907 15.
432 1868 463 1906 Ε
476 1879 503 1916 g
515 1878 537 1906 o
570 1868 637 1906 hu
649 1878 676 1905 n
690 1877 710 1905 c
743 1877 767 1905 a
779 1867 803 1905 d
817 1867 830 1904 i
842 1867 866 1905 b
880 1869 927 1912 o]
961 1867 1055 1916 „vel
1082 1877 1194 1905 nova
1222 1866 1467 1905 curiositate
1494 1865 1555 1904 ait
1571 1865 1824 1904 Parmeno.”

271 1943 376 1992 Quid
408 1944 451 1981 in
483 1943 566 1981 isto
598 1953 624 1980 v
638 1953 659 1980 e
671 1942 685 1980 1
716 1942 850 1980 lateat
880 1953 965 1980 non
997 1942 1180 1980 invenio.

331 2020 398 2058 29.
446 2019 559 2057 Non
605 2028 752 2067 queo,
802 2018 881 2056 ita
929 2018 1189 2056 defessus
1232 2019 1373 2062 sum]
1417 2016 1521 2065 „hoc
1554 2016 1597 2054 in
1627 2016 1751 2064 gestu
1783 2015 1826 2054 et

269 2095 511 2143 spectaculo
557 2095 652 2143 plus
694 2096 760 2133 est
774 2106 782 2132 :
825 2105 926 2133 nam
969 2094 1138 2132 incessu
1171 2094 1212 2132 et
1243 2094 1390 2131 auctor
1422 2092 1626 2140 exprimit
1656 2091 1841 2130 lassitus

270 2171 455 2210 dinem.”
512 2172 592 2209 Pro
649 2181 770 2209 nam
827 2170 1055 2208 incessu
1103 2170 1154 2208 et
1201 2170 1397 2207 auctor
1442 2168 1557 2216 lege:
1606 2176 1727 2206 nam
1773 2166 1826 2204 et

269 2246 497 2285 incessu
530 2247 697 2285 actor.

329 2394 402 2443 III,
433 2394 470 2443 5,
501 2394 540 2432 8.
569 2393 598 2433 G
612 2393 707 2432 edo
736 2394 863 2442 quid
893 2416 942 2421 —
973 2394 1100 2432 nost
1114 2394 1192 2439 er]
1213 2391 1467 2440 Corruptum
1486 2391 1538 2430 ad
1555 2390 1668 2429 hunc
1683 2389 1826 2428 locum

269 2469 460 2507 scholion
517 2479 542 2507 a
587 2469 885 2508 Westerhovio
933 2469 1093 2517 optime
1139 2468 1374 2516 corrigitur,
1423 2478 1443 2505 r
1456 2477 1477 2505 e
1489 2477 1535 2504 m
1547 2466 1590 2504 it
1601 2466 1620 2504 t
1632 2475 1654 2503 e
1666 2474 1695 2503 n
1706 2464 1732 2503 d
1744 2473 1769 2502 a
1779 2473 1825 2501 m

269 2555 343 2593 pro
375 2556 395 2583 r
408 2556 429 2583 e
444 2556 468 2583 v
482 2555 504 2583 o
518 2555 539 2583 c
552 2555 576 2583 a
588 2555 615 2583 n
629 2545 653 2583 d
666 2555 747 2583 am
779 2545 1003 2584 scribente.

331 2621 395 2659 18.
459 2620 516 2658 At
542 2620 649 2659 istos
676 2620 842 2659 invidos
870 2621 911 2658 di
937 2620 1116 2669 perdant
1142 2619 1213 2667 qui
1240 2619 1345 2657 haec
1370 2619 1551 2657 libenter
1577 2616 1790 2656 nuntiant.

188 2734 197 2738 -
270 2697 432 2736 Laches
474 2696 553 2734 hoc
593 2696 695 2734 dicit
727 2706 986 2744 cognoscens
1016 2695 1198 2734 veritate
1231 2695 1406 2733 inventa
1437 2703 1565 2732 suum
1597 2691 1823 2740 deprehen-

270 2783 367 2812 sum
409 2772 694 2811 mendacium.
737 2773 1002 2811 Annotatur:
1049 2772 1129 2820 „at
1170 2770 1315 2808 istos
1356 2769 1582 2808 invidos
1623 2767 1673 2806 di
1714 2775 1822 2815 per-

270 2850 425 2894 dant]
458 2848 589 2896 „bene
618 2846 784 2885 invidos
812 2847 883 2894 qui
910 2846 1184 2885 matrimonio
1213 2845 1443 2883 invideant.
1462 2844 1570 2892 Ergo
1587 2840 1824 2881 revocanda

272 2935 377 2962 uxor
420 2924 497 2962 est.
541 2923 591 2960 Et
615 2923 733 2961 ‘adeo
766 2933 850 2961 non
881 2921 1030 2970 puduit
1060 2920 1272 2959 mendacii
1303 2920 1481 2958 honeste
1513 2917 1823 2966 deprehensum
