2002 3464
914 341 996 379 217

225 464 345 503 Haec
377 465 524 503 autem
557 465 715 514 omnia,
750 475 859 513 quae
891 476 1029 513 neque
1060 475 1197 514 pauca
1229 467 1331 504 sunt
1363 467 1406 504 et
1437 466 1561 504 facile
1595 466 1740 513 augeri

164 541 360 590 possunt,
413 540 560 579 omnia
600 551 744 580 mores
786 551 1069 590 personarum
1113 552 1138 579 a
1170 541 1369 580 Terentio
1402 542 1593 590 depictos
1625 551 1740 589 spec-

165 616 262 656 tant-
292 616 618 664 orationemque
650 627 734 664 qua
766 617 865 655 illae
898 618 1089 656 utantur.
1123 616 1183 655 De
1211 617 1463 655 oeconomia
1490 627 1514 655 a
1542 617 1741 655 Terentio

116 717 118 719 >
164 691 401 731 immutata
431 691 645 731 nihildum
676 692 840 731 dictum
873 693 953 732 est.
987 693 1083 731 Huc
1115 703 1215 741 ergo
1247 693 1574 731 transeundum.

223 768 439 817 Aequales
485 768 650 807 inimici
697 769 879 808 obiicere
926 769 1124 808 solebant
1170 769 1369 808 Terentio
1416 769 1527 817 quod
1574 769 1743 808 fabulas

165 843 493 883 contaminaret.
526 844 658 883 Nobis
690 855 775 884 non
807 845 965 884 vitium
997 845 1133 884 videri
1166 845 1271 884 illud
1302 846 1447 894 potest
1479 845 1554 884 sed
1586 845 1740 884 virtus.

164 919 262 968 Ipse
308 929 476 968 quoque
521 930 616 959 rem
662 931 748 960 non
795 922 937 970 negat.
982 921 1153 960 Etenim
1196 921 1240 960 in
1282 921 1456 970 prologo
1498 921 1551 959 ad
1584 921 1740 960 Heaut.

165 994 258 1044 ipse
289 994 501 1034 declarat:

170 1077 178 1084 ·
222 1080 288 1110 vs.
321 1071 362 1110 4.
483 1071 549 1110 Ex
580 1072 750 1120 integra
782 1073 945 1112 Graeca
977 1073 1193 1122 integram
1226 1073 1495 1112 comoediam

487 1147 626 1186 Hodie
657 1158 757 1187 sum
789 1152 966 1188 acturus
997 1149 1536 1188 Heautontimorumenon.

165 1222 375 1271 Agnoscit
415 1233 516 1272 ergo
558 1234 605 1262 se
647 1234 733 1263 non
775 1225 837 1263 ita
879 1225 1019 1273 egisse
1062 1225 1106 1263 in
1148 1225 1313 1264 duabus
1344 1225 1570 1274 prioribus,
1605 1235 1742 1272 neque

115 1323 122 1328 ,
164 1297 248 1337 sibi
293 1298 357 1338 ita
403 1300 557 1348 agendi
604 1300 649 1338 in
691 1302 914 1349 posterum
957 1301 1098 1350 legem
1141 1302 1346 1340 statuere.
1392 1301 1473 1340 Sed
1515 1301 1742 1339 videamus

161 1371 274 1424 'quae
329 1376 453 1415 nobis
509 1376 597 1415 sint
651 1378 1034 1416 contaminationis
1082 1378 1193 1427 apud
1241 1377 1492 1417 Terentium
1542 1378 1743 1427 exempla

164 1450 325 1490 tradita
361 1451 524 1498 (omnia
555 1452 626 1492 hic
655 1453 823 1492 Donato
855 1454 1091 1504 debemus),
1125 1454 1219 1493 sive
1249 1454 1394 1503 potius
1427 1457 1543 1510 ¹(nam
1577 1455 1658 1493 hoc
1689 1454 1741 1493 ab

163 1526 237 1566 illo
278 1527 424 1567 divelli
466 1539 551 1568 non
594 1530 751 1578 potest)
790 1530 945 1578 quibus
977 1530 1106 1570 rebus
1137 1531 1182 1569 in
1213 1531 1459 1570 fabularum
1491 1530 1743 1570 oeconomia

164 1602 217 1642 ab
249 1603 497 1643 auctoribus
528 1604 620 1643 suis
650 1606 892 1645 recesserit.

222 1677 449 1719 Andria.
478 1679 676 1719 Primum
703 1681 813 1720 ratio
841 1683 910 1720 est
935 1682 1133 1721 habenda
1159 1693 1310 1721 eorum
1337 1693 1446 1731 quae
1474 1683 1565 1732 ipse
1593 1684 1742 1722 narrat

163 1754 208 1794 in
251 1755 427 1805 prologo
470 1767 532 1796 vs.
577 1758 602 1796 9
623 1780 675 1785 -—
699 1758 766 1797 14.
790 1754 816 1804 ¹)
859 1759 941 1797 Sed
984 1759 1167 1798 certiora
1208 1759 1340 1798 tradit
1382 1759 1590 1798 Donatus.
1625 1759 1741 1809 Quae

162 1830 208 1870 in
252 1831 395 1880 prima
439 1832 586 1872 fabula
631 1834 744 1882 apud
791 1835 1075 1874 Menandrum
1122 1836 1167 1873 in
1214 1835 1378 1875 Andria
1424 1835 1543 1875 solus
1590 1846 1741 1875 secum

161 1906 352 1956 loquitur
393 1907 512 1947 Simo
554 1919 691 1948 senex
733 1911 791 1956 (et
832 1911 1060 1959 tamquam
1103 1911 1317 1950 memoria
1358 1912 1520 1962 recolit,
1543 1907 1571 1958 2)
1614 1922 1666 1951 ea
1697 1913 1742 1951 in

162 1982 358 2022 eiusdem
414 1983 638 2024 Perinthia
692 1996 854 2025 senex.
875 1987 1001 2026 uxori
1047 1997 1152 2027 suae
1199 1989 1359 2027 narrat.
1408 1988 1468 2027 At
1513 1988 1741 2028 Terentius

162 2059 315 2102 eadem
357 2062 608 2100 narrantem
648 2062 871 2102 Simonem
902 2063 1007 2103 facit
1039 2064 1187 2103 Sosiae
1219 2065 1372 2104 liberto
1405 2075 1483 2104 suo
1516 2067 1560 2105 et
1592 2076 1738 2113 coquO.

161 2135 359 2176 Profecto
400 2146 503 2176 vere
535 2137 618 2177 dici
649 2138 730 2178 hoc
761 2140 926 2188 potest:
960 2141 1196 2180 transferre
1229 2142 1273 2180 et
1304 2152 1381 2190 pro
1413 2142 1505 2181 suis
1537 2143 1613 2181 uti.
1648 2142 1741 2181 Hoc

162 2211 280 2251 enim
327 2211 417 2251 iam
463 2222 539 2261 pro
583 2216 698 2253 certo
735 2216 929 2255 statuere
961 2216 1074 2266 licet,
1110 2227 1296 2265 coquum
1327 2218 1451 2256 illum
1483 2228 1509 2257 a
1540 2218 1740 2258 Terentio

161 2287 403 2338 inventum,
436 2286 600 2339 fictum,
635 2290 951 2340 depictumque.
1529 2277 1532 2280 ¹

221 2363 272 2402 In
304 2364 456 2404 eadem
487 2365 633 2406 fabula
665 2366 877 2407 Charinus
909 2370 953 2407 et
984 2369 1139 2417 Byrria
1171 2380 1196 2408 a
1228 2370 1428 2410 Terentio
1461 2372 1564 2410 sunt
1591 2371 1738 2411 additi.

160 2439 303 2479 Verba
359 2440 626 2482 Scholiastae
681 2445 806 2483 sunt:
870 2445 988 2494 „Has
1043 2456 1251 2494 personas
1303 2446 1531 2486 Terentius
1578 2448 1742 2487 addidit

196 2601 218 2636 ⁸)
562 2603 743 2633 Menander
761 2604 842 2634 fecit
860 2605 1026 2635 Andriam
1045 2607 1080 2635 et
1101 2606 1328 2636 Perinthiam:

567 2655 628 2693 Qui
648 2657 817 2686 utramvis
836 2658 926 2686 recte
944 2658 1036 2687 norit
1055 2659 1175 2688 ambas
1194 2659 1342 2689 noverit:

570 2708 644 2738 Non
663 2708 714 2738 ita
733 2710 814 2738 sunt
832 2709 992 2739 dissimili
1012 2713 1222 2748 argumento,
1243 2712 1302 2741 sed
1321 2714 1435 2742 tamen

569 2759 736 2790 Dissimili
756 2762 907 2791 oratione
928 2763 1009 2791 sunt
1028 2762 1136 2792 factae
1159 2771 1198 2792 ac
1216 2764 1306 2793 stile.

568 2811 658 2848 Quae
677 2819 860 2842 convenere
878 2813 914 2844 in
932 2813 1099 2843 Andriam
1118 2823 1159 2844 ex
1179 2815 1356 2845 Perinthia

566 2863 706 2894 Fatetur
723 2865 941 2895 transtulisse
960 2867 1063 2902 atque
1083 2874 1184 2896 usum
1203 2875 1263 2904 pro
1283 2868 1364 2897 suia.

195 2917 219 2951 ²)
236 2915 282 2946 cf.
297 2915 436 2945 initium
451 2916 690 2955 Adelphorum,
705 2918 763 2947 ubi
780 2919 821 2948 de
834 2919 987 2954 nequitia
1004 2919 1065 2949 filii
1082 2919 1233 2956 adoptivi
1244 2919 1340 2950 Micio
1351 2921 1445 2950 solus
1455 2929 1569 2951 secum
1580 2921 1740 2957 loquitur.
