<?xml version="1.0" encoding="UTF-8"?>
<!DOCTYPE html PUBLIC "-//W3C//DTD XHTML 1.0 Transitional//EN"
    "http://www.w3.org/TR/xhtml1/DTD/xhtml1-transitional.dtd">
<html xmlns="http://www.w3.org/1999/xhtml" xml:lang="en" lang="en">
 <head>
  <title>
</title>
<meta http-equiv="Content-Type" content="text/html;charset=utf-8" />
  <meta name='ocr-system' content='tesseract 3.04.00' />
  <meta name='ocr-capabilities' content='ocr_page ocr_carea ocr_par ocr_line ocrx_word'/>
</head>
<body>
  <div class='ocr_page' id='page_1' title='image "./deterentioetdona00hartuoft_0083.png"; bbox 0 0 2002 3464; ppageno 0'>
   <div class='ocr_carea' id='block_1_1' title="bbox 940 382 992 421">
    <p class='ocr_par' dir='ltr' id='par_1_1' title="bbox 940 382 992 421">
     <span class='ocr_line' id='line_1_1' title="bbox 940 382 992 421; baseline -0.019 0"><span class='ocrx_word' id='word_1_1' title='bbox 940 382 992 421; x_wconf 86' lang='lat'>71</span> 
     </span>
    </p>
   </div>
   <div class='ocr_carea' id='block_1_2' title="bbox 730 538 1195 579">
    <p class='ocr_par' dir='ltr' id='par_1_2' title="bbox 730 538 1195 579">
     <span class='ocr_line' id='line_1_2' title="bbox 730 538 1195 579; baseline 0.002 -1"><span class='ocrx_word' id='word_1_2' title='bbox 730 538 876 578; x_wconf 73' lang='lat' dir='ltr'>Aeros</span> <span class='ocrx_word' id='word_1_3' title='bbox 908 539 946 576; x_wconf 92' lang='lat' dir='ltr'><strong>V</strong></span> <span class='ocrx_word' id='word_1_4' title='bbox 978 539 1122 579; x_wconf 79' lang='lat' dir='ltr'><strong>SGENA</strong></span> <span class='ocrx_word' id='word_1_5' title='bbox 1156 540 1195 579; x_wconf 85' lang='lat'>4.</span> 
     </span>
    </p>
   </div>
   <div class='ocr_carea' id='block_1_3' title="bbox 171 664 1753 3003">
    <p class='ocr_par' dir='ltr' id='par_1_3' title="bbox 175 664 1753 1092">
     <span class='ocr_line' id='line_1_3' title="bbox 237 664 1752 714; baseline 0 -10"><span class='ocrx_word' id='word_1_6' title='bbox 237 664 460 704; x_wconf 88' lang='lat' dir='ltr'>Accedens</span> <span class='ocrx_word' id='word_1_7' title='bbox 485 664 697 704; x_wconf 84' lang='lat' dir='ltr'>Parmeno</span> <span class='ocrx_word' id='word_1_8' title='bbox 725 665 814 704; x_wconf 89' lang='lat' dir='ltr'>iam</span> <span class='ocrx_word' id='word_1_9' title='bbox 839 665 1028 704; x_wconf 89' lang='lat' dir='ltr'>laetatur</span> <span class='ocrx_word' id='word_1_10' title='bbox 1054 665 1180 704; x_wconf 92' lang='lat' dir='ltr'>laude</span> <span class='ocrx_word' id='word_1_11' title='bbox 1206 676 1338 714; x_wconf 90' lang='lat' dir='ltr'>quam</span> <span class='ocrx_word' id='word_1_12' title='bbox 1365 665 1456 714; x_wconf 92' lang='lat' dir='ltr'>ipse</span> <span class='ocrx_word' id='word_1_13' title='bbox 1473 665 1532 704; x_wconf 91' lang='lat' dir='ltr'>sit</span> <span class='ocrx_word' id='word_1_14' title='bbox 1549 666 1752 714; x_wconf 88' lang='lat' dir='ltr'>capturus</span> 
     </span>
     <span class='ocr_line' id='line_1_4' title="bbox 177 729 1753 790; baseline 0 -10"><span class='ocrx_word' id='word_1_15' title='bbox 177 740 218 780; x_wconf 89' lang='lat' dir='ltr'>si</span> <span class='ocrx_word' id='word_1_16' title='bbox 242 741 354 790; x_wconf 89' lang='lat' dir='ltr'>apud</span> <span class='ocrx_word' id='word_1_17' title='bbox 374 729 590 780; x_wconf 39' lang='lat' dir='ltr'>&#39;Thaidem</span> <span class='ocrx_word' id='word_1_18' title='bbox 611 751 681 779; x_wconf 91' lang='lat' dir='ltr'>res</span> <span class='ocrx_word' id='word_1_19' title='bbox 697 740 881 780; x_wconf 73' lang='lat' dir='ltr'>feliciter</span> <span class='ocrx_word' id='word_1_20' title='bbox 898 740 1112 780; x_wconf 82' lang='lat' dir='ltr'>Chaereae</span> <span class='ocrx_word' id='word_1_21' title='bbox 1131 742 1322 781; x_wconf 90' lang='lat' dir='ltr'>cesserit.</span> <span class='ocrx_word' id='word_1_22' title='bbox 1342 741 1395 780; x_wconf 90' lang='lat' dir='ltr'>Et</span> <span class='ocrx_word' id='word_1_23' title='bbox 1412 742 1502 781; x_wconf 90' lang='lat' dir='ltr'>iure</span> <span class='ocrx_word' id='word_1_24' title='bbox 1521 752 1546 780; x_wconf 90' lang='lat' dir='ltr'>a</span> <span class='ocrx_word' id='word_1_25' title='bbox 1563 741 1753 781; x_wconf 80' lang='lat' dir='ltr'>Chaerea</span> 
     </span>
     <span class='ocr_line' id='line_1_5' title="bbox 175 816 1751 867; baseline 0 -11"><span class='ocrx_word' id='word_1_26' title='bbox 175 817 365 866; x_wconf 86' lang='lat' dir='ltr'>pretium</span> <span class='ocrx_word' id='word_1_27' title='bbox 405 816 733 866; x_wconf 86' lang='lat' dir='ltr'>praemiumque</span> <span class='ocrx_word' id='word_1_28' title='bbox 775 818 1012 866; x_wconf 75' lang='lat' dir='ltr'>exspectat,</span> <span class='ocrx_word' id='word_1_29' title='bbox 1057 827 1194 865; x_wconf 90' lang='lat' dir='ltr'>neque</span> <span class='ocrx_word' id='word_1_30' title='bbox 1237 828 1312 856; x_wconf 90' lang='lat' dir='ltr'>cur</span> <span class='ocrx_word' id='word_1_31' title='bbox 1344 819 1568 867; x_wconf 86' lang='lat' dir='ltr'>exspectet</span> <span class='ocrx_word' id='word_1_32' title='bbox 1599 817 1751 856; x_wconf 85' lang='lat' dir='ltr'>multis</span> 
     </span>
     <span class='ocr_line' id='line_1_6' title="bbox 176 892 1750 942; baseline 0 -10"><span class='ocrx_word' id='word_1_33' title='bbox 176 892 320 932; x_wconf 88' lang='lat' dir='ltr'>verbis</span> <span class='ocrx_word' id='word_1_34' title='bbox 360 902 514 932; x_wconf 89' lang='lat' dir='ltr'>sumus</span> <span class='ocrx_word' id='word_1_35' title='bbox 554 893 744 932; x_wconf 88' lang='lat' dir='ltr'>docendi.</span> <span class='ocrx_word' id='word_1_36' title='bbox 779 892 943 931; x_wconf 89' lang='lat' dir='ltr'>Tamen</span> <span class='ocrx_word' id='word_1_37' title='bbox 975 893 1170 941; x_wconf 89' lang='lat' dir='ltr'>sequitur</span> <span class='ocrx_word' id='word_1_38' title='bbox 1202 893 1484 932; x_wconf 85' lang='lat' dir='ltr'>Parmenonis</span> <span class='ocrx_word' id='word_1_39' title='bbox 1516 894 1750 942; x_wconf 89' lang='lat' dir='ltr'>disputatio</span> 
     </span>
     <span class='ocr_line' id='line_1_7' title="bbox 175 968 1752 1018; baseline -0.001 -10"><span class='ocrx_word' id='word_1_40' title='bbox 175 969 421 1018; x_wconf 88' lang='lat' dir='ltr'>quindecim</span> <span class='ocrx_word' id='word_1_41' title='bbox 478 979 685 1008; x_wconf 88' lang='lat' dir='ltr'>versuum</span> <span class='ocrx_word' id='word_1_42' title='bbox 748 968 1043 1008; x_wconf 81' lang='lat' dir='ltr'>insulsissima</span> <span class='ocrx_word' id='word_1_43' title='bbox 1103 971 1146 1008; x_wconf 93' lang='lat' dir='ltr'>et</span> <span class='ocrx_word' id='word_1_44' title='bbox 1192 970 1268 1008; x_wconf 81' lang='lat' dir='ltr'>vix</span> <span class='ocrx_word' id='word_1_45' title='bbox 1314 970 1501 1008; x_wconf 87' lang='lat' dir='ltr'>ferenda.</span> <span class='ocrx_word' id='word_1_46' title='bbox 1551 970 1660 1008; x_wconf 83' lang='lat' dir='ltr'>Sunt</span> <span class='ocrx_word' id='word_1_47' title='bbox 1706 969 1752 1007; x_wconf 90' lang='lat' dir='ltr'>hi</span> 
     </span>
     <span class='ocr_line' id='line_1_8' title="bbox 175 1045 463 1092; baseline 0 -8"><span class='ocrx_word' id='word_1_48' title='bbox 175 1045 463 1092; x_wconf 83' lang='lat'>(926—940):</span> 
     </span>
    </p>

    <p class='ocr_par' dir='ltr' id='par_1_4' title="bbox 182 1107 1571 1170">
     <span class='ocr_line' id='line_1_9' title="bbox 182 1107 1571 1170; baseline 0 -10"><span class='ocrx_word' id='word_1_49' title='bbox 182 1107 184 1109; x_wconf 42' lang='grc'><strong>’</strong></span> <span class='ocrx_word' id='word_1_50' title='bbox 397 1121 509 1161; x_wconf 86' lang='lat' dir='ltr'>Nam</span> <span class='ocrx_word' id='word_1_51' title='bbox 541 1122 589 1160; x_wconf 90' lang='lat' dir='ltr'>ut</span> <span class='ocrx_word' id='word_1_52' title='bbox 619 1122 798 1161; x_wconf 89' lang='lat' dir='ltr'>mittam</span> <span class='ocrx_word' id='word_1_53' title='bbox 830 1121 942 1170; x_wconf 90' lang='lat' dir='ltr'>quod</span> <span class='ocrx_word' id='word_1_54' title='bbox 975 1122 1014 1160; x_wconf 93' lang='lat' dir='ltr'>ei</span> <span class='ocrx_word' id='word_1_55' title='bbox 1046 1132 1241 1161; x_wconf 90' lang='lat' dir='ltr'>amorem</span> <span class='ocrx_word' id='word_1_56' title='bbox 1269 1121 1571 1161; x_wconf 88' lang='lat' dir='ltr'>difficillimum</span> 
     </span>
    </p>

    <p class='ocr_par' dir='ltr' id='par_1_5' title="bbox 396 1197 1600 1401">
     <span class='ocr_line' id='line_1_10' title="bbox 399 1197 1454 1248; baseline 0 -11"><span class='ocrx_word' id='word_1_57' title='bbox 399 1197 698 1248; x_wconf 83' lang='lat' dir='ltr'>Carissimum,</span> <span class='ocrx_word' id='word_1_58' title='bbox 733 1198 785 1237; x_wconf 89' lang='lat' dir='ltr'>ab</span> <span class='ocrx_word' id='word_1_59' title='bbox 816 1198 1044 1237; x_wconf 84' lang='lat' dir='ltr'>meretrice</span> <span class='ocrx_word' id='word_1_60' title='bbox 1076 1208 1208 1237; x_wconf 89' lang='lat' dir='ltr'>avara</span> <span class='ocrx_word' id='word_1_61' title='bbox 1239 1198 1454 1247; x_wconf 83' lang='lat' dir='ltr'>virginem</span> 
     </span>
     <span class='ocr_line' id='line_1_11' title="bbox 396 1273 1440 1324; baseline -0.001 -11"><span class='ocrx_word' id='word_1_62' title='bbox 396 1273 535 1324; x_wconf 76' lang='lat' dir='ltr'>Quom</span> <span class='ocrx_word' id='word_1_63' title='bbox 561 1274 749 1324; x_wconf 87' lang='lat' dir='ltr'>amabat,</span> <span class='ocrx_word' id='word_1_64' title='bbox 784 1284 885 1313; x_wconf 90' lang='lat' dir='ltr'>eum</span> <span class='ocrx_word' id='word_1_65' title='bbox 917 1274 1081 1313; x_wconf 85' lang='lat' dir='ltr'>confeci</span> <span class='ocrx_word' id='word_1_66' title='bbox 1112 1274 1206 1313; x_wconf 90' lang='lat' dir='ltr'>sine</span> <span class='ocrx_word' id='word_1_67' title='bbox 1236 1274 1440 1313; x_wconf 89' lang='lat' dir='ltr'>molestia</span> 
     </span>
     <span class='ocr_line' id='line_1_12' title="bbox 398 1350 1600 1401; baseline -0.001 -11"><span class='ocrx_word' id='word_1_68' title='bbox 398 1350 499 1391; x_wconf 86' lang='lat' dir='ltr'>Sine</span> <span class='ocrx_word' id='word_1_69' title='bbox 530 1352 721 1401; x_wconf 87' lang='lat' dir='ltr'>sumptu,</span> <span class='ocrx_word' id='word_1_70' title='bbox 756 1351 850 1390; x_wconf 88' lang='lat' dir='ltr'>sine</span> <span class='ocrx_word' id='word_1_71' title='bbox 882 1350 1127 1399; x_wconf 90' lang='lat' dir='ltr'>dispendio:</span> <span class='ocrx_word' id='word_1_72' title='bbox 1161 1352 1257 1390; x_wconf 91' lang='lat' dir='ltr'>tum</span> <span class='ocrx_word' id='word_1_73' title='bbox 1290 1351 1371 1390; x_wconf 87' lang='lat' dir='ltr'>hoc</span> <span class='ocrx_word' id='word_1_74' title='bbox 1402 1351 1600 1400; x_wconf 89' lang='lat' dir='ltr'>alterum,</span> 
     </span>
    </p>

    <p class='ocr_par' dir='ltr' id='par_1_6' title="bbox 262 1427 1529 1782">
     <span class='ocr_line' id='line_1_13' title="bbox 262 1427 1448 1476; baseline 0 -10"><span class='ocrx_word' id='word_1_75' title='bbox 262 1427 363 1467; x_wconf 88' lang='lat'>930.</span> <span class='ocrx_word' id='word_1_76' title='bbox 396 1427 444 1466; x_wconf 92' lang='lat' dir='ltr'>Id</span> <span class='ocrx_word' id='word_1_77' title='bbox 474 1428 623 1466; x_wconf 87' lang='lat' dir='ltr'>verost</span> <span class='ocrx_word' id='word_1_78' title='bbox 653 1427 765 1476; x_wconf 89' lang='lat' dir='ltr'>quod</span> <span class='ocrx_word' id='word_1_79' title='bbox 797 1437 875 1476; x_wconf 88' lang='lat' dir='ltr'>ego</span> <span class='ocrx_word' id='word_1_80' title='bbox 907 1427 1016 1466; x_wconf 88' lang='lat' dir='ltr'>mihi</span> <span class='ocrx_word' id='word_1_81' title='bbox 1052 1428 1155 1476; x_wconf 85' lang='lat' dir='ltr'>puto</span> <span class='ocrx_word' id='word_1_82' title='bbox 1186 1427 1448 1476; x_wconf 90' lang='lat' dir='ltr'>palmarium</span> 
     </span>
     <span class='ocr_line' id='line_1_14' title="bbox 395 1501 1404 1553; baseline 0 -11"><span class='ocrx_word' id='word_1_83' title='bbox 395 1501 462 1543; x_wconf 88' lang='lat' dir='ltr'>Me</span> <span class='ocrx_word' id='word_1_84' title='bbox 493 1503 746 1553; x_wconf 88' lang='lat' dir='ltr'>repperisse,</span> <span class='ocrx_word' id='word_1_85' title='bbox 780 1513 864 1552; x_wconf 91' lang='lat' dir='ltr'>quo</span> <span class='ocrx_word' id='word_1_86' title='bbox 896 1503 1024 1542; x_wconf 90' lang='lat' dir='ltr'>modo</span> <span class='ocrx_word' id='word_1_87' title='bbox 1056 1503 1404 1542; x_wconf 89' lang='lat' dir='ltr'>adolescentulus</span> 
     </span>
     <span class='ocr_line' id='line_1_15' title="bbox 395 1579 1529 1630; baseline 0 -11"><span class='ocrx_word' id='word_1_88' title='bbox 395 1579 672 1619; x_wconf 85' lang='lat' dir='ltr'>Meretricum</span> <span class='ocrx_word' id='word_1_89' title='bbox 704 1579 878 1629; x_wconf 86' lang='lat' dir='ltr'>ingenia</span> <span class='ocrx_word' id='word_1_90' title='bbox 910 1581 953 1619; x_wconf 90' lang='lat' dir='ltr'>et</span> <span class='ocrx_word' id='word_1_91' title='bbox 983 1589 1129 1619; x_wconf 90' lang='lat' dir='ltr'>mores</span> <span class='ocrx_word' id='word_1_92' title='bbox 1161 1581 1310 1629; x_wconf 89' lang='lat' dir='ltr'>posset</span> <span class='ocrx_word' id='word_1_93' title='bbox 1340 1590 1529 1630; x_wconf 86' lang='lat' dir='ltr'>noscere,</span> 
     </span>
     <span class='ocr_line' id='line_1_16' title="bbox 371 1656 1451 1705; baseline 0.001 -10"><span class='ocrx_word' id='word_1_94' title='bbox 371 1656 562 1696; x_wconf 87' lang='lat' dir='ltr'>·Mature</span> <span class='ocrx_word' id='word_1_95' title='bbox 593 1657 643 1695; x_wconf 88' lang='lat' dir='ltr'>ut</span> <span class='ocrx_word' id='word_1_96' title='bbox 674 1666 806 1705; x_wconf 90' lang='lat' dir='ltr'>quom</span> <span class='ocrx_word' id='word_1_97' title='bbox 839 1657 1032 1705; x_wconf 88' lang='lat' dir='ltr'>cognorit</span> <span class='ocrx_word' id='word_1_98' title='bbox 1063 1658 1269 1705; x_wconf 88' lang='lat' dir='ltr'>perpetuo</span> <span class='ocrx_word' id='word_1_99' title='bbox 1302 1657 1451 1696; x_wconf 91' lang='lat' dir='ltr'>oderit.</span> 
     </span>
     <span class='ocr_line' id='line_1_17' title="bbox 395 1731 1462 1782; baseline 0.001 -11"><span class='ocrx_word' id='word_1_100' title='bbox 395 1731 511 1782; x_wconf 77' lang='lat' dir='ltr'>Quae</span> <span class='ocrx_word' id='word_1_101' title='bbox 543 1733 646 1772; x_wconf 93' lang='lat' dir='ltr'>dum</span> <span class='ocrx_word' id='word_1_102' title='bbox 678 1733 782 1773; x_wconf 87' lang='lat' dir='ltr'>foris</span> <span class='ocrx_word' id='word_1_103' title='bbox 814 1734 929 1782; x_wconf 84' lang='lat' dir='ltr'>sunt,</span> <span class='ocrx_word' id='word_1_104' title='bbox 964 1732 1024 1771; x_wconf 91' lang='lat' dir='ltr'>nil</span> <span class='ocrx_word' id='word_1_105' title='bbox 1057 1733 1226 1771; x_wconf 90' lang='lat' dir='ltr'>videtur</span> <span class='ocrx_word' id='word_1_106' title='bbox 1257 1733 1462 1772; x_wconf 89' lang='lat' dir='ltr'>mundius</span> 
     </span>
    </p>

    <p class='ocr_par' dir='ltr' id='par_1_7' title="bbox 262 1809 1744 2166">
     <span class='ocr_line' id='line_1_18' title="bbox 262 1809 1744 1866; baseline 0.002 -18"><span class='ocrx_word' id='word_1_107' title='bbox 262 1809 362 1849; x_wconf 85' lang='lat'>935.</span> <span class='ocrx_word' id='word_1_108' title='bbox 394 1809 482 1849; x_wconf 88' lang='lat' dir='ltr'>Nec</span> <span class='ocrx_word' id='word_1_109' title='bbox 512 1810 655 1858; x_wconf 87' lang='lat' dir='ltr'>magis</span> <span class='ocrx_word' id='word_1_110' title='bbox 687 1810 977 1859; x_wconf 90' lang='lat' dir='ltr'>compositum</span> <span class='ocrx_word' id='word_1_111' title='bbox 1004 1809 1234 1866; x_wconf 81' lang='lat' dir='ltr'>quicquam</span> <span class='ocrx_word' id='word_1_112' title='bbox 1267 1821 1347 1850; x_wconf 93' lang='lat' dir='ltr'>nec</span> <span class='ocrx_word' id='word_1_113' title='bbox 1378 1812 1519 1860; x_wconf 87' lang='lat' dir='ltr'>magis</span> <span class='ocrx_word' id='word_1_114' title='bbox 1547 1812 1744 1861; x_wconf 83' lang='lat' dir='ltr'>elegans:</span> 
     </span>
     <span class='ocr_line' id='line_1_19' title="bbox 396 1885 1579 1941; baseline 0.001 -16"><span class='ocrx_word' id='word_1_115' title='bbox 396 1885 512 1935; x_wconf 80' lang='lat' dir='ltr'>Quae</span> <span class='ocrx_word' id='word_1_116' title='bbox 544 1896 644 1925; x_wconf 88' lang='lat' dir='ltr'>cum</span> <span class='ocrx_word' id='word_1_117' title='bbox 677 1887 872 1941; x_wconf 84' lang='lat' dir='ltr'>amatore</span> <span class='ocrx_word' id='word_1_118' title='bbox 904 1896 982 1925; x_wconf 90' lang='lat' dir='ltr'>suo</span> <span class='ocrx_word' id='word_1_119' title='bbox 1016 1896 1114 1925; x_wconf 92' lang='lat' dir='ltr'>cum</span> <span class='ocrx_word' id='word_1_120' title='bbox 1149 1888 1305 1925; x_wconf 90' lang='lat' dir='ltr'>cenant</span> <span class='ocrx_word' id='word_1_121' title='bbox 1337 1887 1579 1935; x_wconf 85' lang='lat' dir='ltr'>ligurriunt.</span> 
     </span>
     <span class='ocr_line' id='line_1_20' title="bbox 396 1961 1400 2013; baseline 0.001 -12"><span class='ocrx_word' id='word_1_122' title='bbox 396 1961 564 2001; x_wconf 88' lang='lat' dir='ltr'>Harum</span> <span class='ocrx_word' id='word_1_123' title='bbox 595 1962 742 2002; x_wconf 89' lang='lat' dir='ltr'>videre</span> <span class='ocrx_word' id='word_1_124' title='bbox 774 1962 984 2002; x_wconf 87' lang='lat' dir='ltr'>inluviem</span> <span class='ocrx_word' id='word_1_125' title='bbox 1016 1963 1165 2002; x_wconf 90' lang='lat' dir='ltr'>sordes</span> <span class='ocrx_word' id='word_1_126' title='bbox 1196 1962 1400 2013; x_wconf 87' lang='lat' dir='ltr'>inopiam,</span> 
     </span>
     <span class='ocr_line' id='line_1_21' title="bbox 395 2037 1713 2090; baseline 0.002 -14"><span class='ocrx_word' id='word_1_127' title='bbox 395 2037 534 2087; x_wconf 77' lang='lat' dir='ltr'>Quam</span> <span class='ocrx_word' id='word_1_128' title='bbox 566 2038 820 2078; x_wconf 89' lang='lat' dir='ltr'>inhonestae</span> <span class='ocrx_word' id='word_1_129' title='bbox 852 2038 970 2078; x_wconf 91' lang='lat' dir='ltr'>solae</span> <span class='ocrx_word' id='word_1_130' title='bbox 1002 2039 1091 2078; x_wconf 90' lang='lat' dir='ltr'>sint</span> <span class='ocrx_word' id='word_1_131' title='bbox 1122 2039 1239 2078; x_wconf 91' lang='lat' dir='ltr'>domi</span> <span class='ocrx_word' id='word_1_132' title='bbox 1273 2040 1402 2088; x_wconf 88' lang='lat' dir='ltr'>atque</span> <span class='ocrx_word' id='word_1_133' title='bbox 1434 2040 1586 2079; x_wconf 88' lang='lat' dir='ltr'>avidae</span> <span class='ocrx_word' id='word_1_134' title='bbox 1619 2041 1713 2090; x_wconf 90' lang='lat' dir='ltr'>cibi,</span> 
     </span>
     <span class='ocr_line' id='line_1_22' title="bbox 396 2114 1653 2166; baseline 0.001 -12"><span class='ocrx_word' id='word_1_135' title='bbox 396 2114 486 2164; x_wconf 79' lang='lat' dir='ltr'>Quo</span> <span class='ocrx_word' id='word_1_136' title='bbox 516 2116 642 2164; x_wconf 89' lang='lat' dir='ltr'>pacto</span> <span class='ocrx_word' id='word_1_137' title='bbox 675 2125 731 2154; x_wconf 84' lang='lat' dir='ltr'>ex</span> <span class='ocrx_word' id='word_1_138' title='bbox 762 2115 854 2154; x_wconf 89' lang='lat' dir='ltr'>iure</span> <span class='ocrx_word' id='word_1_139' title='bbox 885 2115 1088 2155; x_wconf 88' lang='lat' dir='ltr'>hesterno</span> <span class='ocrx_word' id='word_1_140' title='bbox 1120 2126 1279 2165; x_wconf 91' lang='lat' dir='ltr'>panem</span> <span class='ocrx_word' id='word_1_141' title='bbox 1312 2118 1457 2155; x_wconf 88' lang='lat' dir='ltr'>atrum</span> <span class='ocrx_word' id='word_1_142' title='bbox 1488 2118 1653 2166; x_wconf 88' lang='lat' dir='ltr'>vorent,</span> 
     </span>
    </p>

    <p class='ocr_par' dir='ltr' id='par_1_8' title="bbox 261 2190 1544 2234">
     <span class='ocr_line' id='line_1_23' title="bbox 261 2190 1544 2234; baseline 0.003 -4"><span class='ocrx_word' id='word_1_143' title='bbox 261 2190 361 2230; x_wconf 86' lang='lat'>940.</span> <span class='ocrx_word' id='word_1_144' title='bbox 393 2191 530 2231; x_wconf 86' lang='lat' dir='ltr'>Nosse</span> <span class='ocrx_word' id='word_1_145' title='bbox 562 2191 710 2231; x_wconf 89' lang='lat' dir='ltr'>omnia</span> <span class='ocrx_word' id='word_1_146' title='bbox 740 2192 847 2231; x_wconf 89' lang='lat' dir='ltr'>haec</span> <span class='ocrx_word' id='word_1_147' title='bbox 878 2192 997 2231; x_wconf 89' lang='lat' dir='ltr'>salus</span> <span class='ocrx_word' id='word_1_148' title='bbox 1030 2194 1097 2231; x_wconf 92' lang='lat' dir='ltr'>est</span> <span class='ocrx_word' id='word_1_149' title='bbox 1129 2192 1474 2232; x_wconf 88' lang='lat' dir='ltr'>adolescentulis.</span> <span class='ocrx_word' id='word_1_150' title='bbox 1540 2232 1544 2234; x_wconf 85' lang='lat'>.</span> 
     </span>
    </p>

    <p class='ocr_par' dir='ltr' id='par_1_9' title="bbox 171 2265 1748 3003">
     <span class='ocr_line' id='line_1_24' title="bbox 171 2265 1746 2317; baseline 0.002 -12"><span class='ocrx_word' id='word_1_151' title='bbox 171 2265 330 2306; x_wconf 84' lang='lat' dir='ltr'>Totum</span> <span class='ocrx_word' id='word_1_152' title='bbox 360 2267 441 2306; x_wconf 91' lang='lat' dir='ltr'>hoc</span> <span class='ocrx_word' id='word_1_153' title='bbox 468 2277 494 2306; x_wconf 91' lang='lat' dir='ltr'>a</span> <span class='ocrx_word' id='word_1_154' title='bbox 519 2267 803 2307; x_wconf 86' lang='lat' dir='ltr'>Parmenonis</span> <span class='ocrx_word' id='word_1_155' title='bbox 831 2268 1008 2307; x_wconf 93' lang='lat' dir='ltr'>consilio</span> <span class='ocrx_word' id='word_1_156' title='bbox 1037 2268 1368 2308; x_wconf 86' lang='lat' dir='ltr'>alienissimum.</span> <span class='ocrx_word' id='word_1_157' title='bbox 1399 2267 1514 2308; x_wconf 83' lang='lat' dir='ltr'>Satis</span> <span class='ocrx_word' id='word_1_158' title='bbox 1542 2270 1609 2308; x_wconf 89' lang='lat' dir='ltr'>est</span> <span class='ocrx_word' id='word_1_159' title='bbox 1635 2270 1746 2317; x_wconf 88' lang='lat' dir='ltr'>quod</span> 
     </span>
     <span class='ocr_line' id='line_1_25' title="bbox 171 2343 1748 2395; baseline 0.002 -13"><span class='ocrx_word' id='word_1_160' title='bbox 171 2353 232 2393; x_wconf 86' lang='lat' dir='ltr'>se,</span> <span class='ocrx_word' id='word_1_161' title='bbox 260 2343 299 2382; x_wconf 91' lang='lat' dir='ltr'>si</span> <span class='ocrx_word' id='word_1_162' title='bbox 324 2353 395 2383; x_wconf 88' lang='lat' dir='ltr'>res</span> <span class='ocrx_word' id='word_1_163' title='bbox 419 2354 622 2394; x_wconf 89' lang='lat' dir='ltr'>prospere</span> <span class='ocrx_word' id='word_1_164' title='bbox 650 2345 840 2395; x_wconf 89' lang='lat' dir='ltr'>cesserit,</span> <span class='ocrx_word' id='word_1_165' title='bbox 870 2346 1093 2384; x_wconf 88' lang='lat' dir='ltr'>auctorem</span> <span class='ocrx_word' id='word_1_166' title='bbox 1119 2345 1254 2384; x_wconf 86' lang='lat' dir='ltr'>fuisse</span> <span class='ocrx_word' id='word_1_167' title='bbox 1282 2345 1476 2385; x_wconf 85' lang='lat' dir='ltr'>dicturus</span> <span class='ocrx_word' id='word_1_168' title='bbox 1499 2347 1578 2395; x_wconf 88' lang='lat' dir='ltr'>est,</span> <span class='ocrx_word' id='word_1_169' title='bbox 1599 2347 1748 2385; x_wconf 90' lang='lat' dir='ltr'>contra</span> 
     </span>
     <span class='ocr_line' id='line_1_26' title="bbox 172 2418 1748 2471; baseline 0.001 -12"><span class='ocrx_word' id='word_1_170' title='bbox 172 2428 224 2459; x_wconf 86' lang='lat' dir='ltr'>ea</span> <span class='ocrx_word' id='word_1_171' title='bbox 255 2429 364 2468; x_wconf 88' lang='lat' dir='ltr'>quae</span> <span class='ocrx_word' id='word_1_172' title='bbox 401 2429 428 2459; x_wconf 87' lang='lat' dir='ltr'>a</span> <span class='ocrx_word' id='word_1_173' title='bbox 458 2418 650 2460; x_wconf 88' lang='lat' dir='ltr'>Chaerea</span> <span class='ocrx_word' id='word_1_174' title='bbox 680 2421 835 2470; x_wconf 88' lang='lat' dir='ltr'>petivit</span> <span class='ocrx_word' id='word_1_175' title='bbox 866 2431 931 2460; x_wconf 91' lang='lat' dir='ltr'>vs.</span> <span class='ocrx_word' id='word_1_176' title='bbox 966 2421 1064 2460; x_wconf 87' lang='lat'>390.</span> <span class='ocrx_word' id='word_1_177' title='bbox 1099 2421 1146 2460; x_wconf 92' lang='lat' dir='ltr'>Id</span> <span class='ocrx_word' id='word_1_178' title='bbox 1179 2421 1354 2470; x_wconf 89' lang='lat' dir='ltr'>quidem</span> <span class='ocrx_word' id='word_1_179' title='bbox 1385 2421 1512 2471; x_wconf 87' lang='lat' dir='ltr'>plane</span> <span class='ocrx_word' id='word_1_180' title='bbox 1546 2422 1748 2461; x_wconf 87' lang='lat' dir='ltr'>convenit</span> 
     </span>
     <span class='ocr_line' id='line_1_27' title="bbox 171 2495 1746 2547; baseline 0.002 -13"><span class='ocrx_word' id='word_1_181' title='bbox 171 2496 352 2535; x_wconf 85' lang='lat' dir='ltr'>naturae</span> <span class='ocrx_word' id='word_1_182' title='bbox 389 2495 494 2535; x_wconf 89' lang='lat' dir='ltr'>eius.</span> <span class='ocrx_word' id='word_1_183' title='bbox 529 2496 611 2535; x_wconf 85' lang='lat' dir='ltr'>Sed</span> <span class='ocrx_word' id='word_1_184' title='bbox 644 2506 719 2536; x_wconf 88' lang='lat' dir='ltr'>cur</span> <span class='ocrx_word' id='word_1_185' title='bbox 750 2507 797 2536; x_wconf 90' lang='lat' dir='ltr'>se</span> <span class='ocrx_word' id='word_1_186' title='bbox 829 2507 943 2536; x_wconf 91' lang='lat' dir='ltr'>nunc</span> <span class='ocrx_word' id='word_1_187' title='bbox 974 2507 1148 2536; x_wconf 88' lang='lat' dir='ltr'>morum</span> <span class='ocrx_word' id='word_1_188' title='bbox 1179 2498 1390 2539; x_wconf 92' lang='lat' dir='ltr'>bonorum</span> <span class='ocrx_word' id='word_1_189' title='bbox 1422 2499 1746 2547; x_wconf 89' lang='lat' dir='ltr'>praeceptorem</span> 
     </span>
     <span class='ocr_line' id='line_1_28' title="bbox 171 2569 1747 2624; baseline 0.003 -14"><span class='ocrx_word' id='word_1_190' title='bbox 171 2569 327 2620; x_wconf 86' lang='lat' dir='ltr'>fingit?</span> <span class='ocrx_word' id='word_1_191' title='bbox 369 2571 421 2611; x_wconf 86' lang='lat' dir='ltr'>Et</span> <span class='ocrx_word' id='word_1_192' title='bbox 463 2573 660 2622; x_wconf 86' lang='lat' dir='ltr'>egregius</span> <span class='ocrx_word' id='word_1_193' title='bbox 701 2573 772 2612; x_wconf 91' lang='lat' dir='ltr'>ille</span> <span class='ocrx_word' id='word_1_194' title='bbox 815 2575 1066 2623; x_wconf 88' lang='lat' dir='ltr'>praeceptor</span> <span class='ocrx_word' id='word_1_195' title='bbox 1108 2576 1175 2613; x_wconf 90' lang='lat' dir='ltr'>est</span> <span class='ocrx_word' id='word_1_196' title='bbox 1216 2575 1301 2624; x_wconf 89' lang='lat' dir='ltr'>qui,</span> <span class='ocrx_word' id='word_1_197' title='bbox 1346 2575 1394 2613; x_wconf 91' lang='lat' dir='ltr'>ut</span> <span class='ocrx_word' id='word_1_198' title='bbox 1427 2575 1747 2614; x_wconf 79' lang='lat' dir='ltr'>adolescentulo</span> 
     </span>
     <span class='ocr_line' id='line_1_29' title="bbox 171 2647 1746 2700; baseline 0.003 -14"><span class='ocrx_word' id='word_1_199' title='bbox 171 2647 319 2687; x_wconf 92' lang='lat' dir='ltr'>odium</span> <span class='ocrx_word' id='word_1_200' title='bbox 371 2648 416 2687; x_wconf 87' lang='lat' dir='ltr'>et</span> <span class='ocrx_word' id='word_1_201' title='bbox 465 2649 764 2698; x_wconf 89' lang='lat' dir='ltr'>contemptum</span> <span class='ocrx_word' id='word_1_202' title='bbox 811 2650 1093 2689; x_wconf 89' lang='lat' dir='ltr'>meretricum</span> <span class='ocrx_word' id='word_1_203' title='bbox 1139 2651 1333 2700; x_wconf 90' lang='lat' dir='ltr'>inspiret,</span> <span class='ocrx_word' id='word_1_204' title='bbox 1383 2651 1445 2690; x_wconf 89' lang='lat' dir='ltr'>illi</span> <span class='ocrx_word' id='word_1_205' title='bbox 1491 2651 1746 2690; x_wconf 86' lang='lat' dir='ltr'>facultatem</span> 
     </span>
     <span class='ocr_line' id='line_1_30' title="bbox 171 2723 1746 2776; baseline 0.003 -14"><span class='ocrx_word' id='word_1_206' title='bbox 171 2723 348 2773; x_wconf 89' lang='lat' dir='ltr'>praebet</span> <span class='ocrx_word' id='word_1_207' title='bbox 389 2724 500 2773; x_wconf 90' lang='lat' dir='ltr'>apud</span> <span class='ocrx_word' id='word_1_208' title='bbox 541 2725 816 2765; x_wconf 87' lang='lat' dir='ltr'>meretricem</span> <span class='ocrx_word' id='word_1_209' title='bbox 853 2736 1029 2765; x_wconf 89' lang='lat' dir='ltr'>summa</span> <span class='ocrx_word' id='word_1_210' title='bbox 1059 2726 1282 2776; x_wconf 84' lang='lat' dir='ltr'>voluptate</span> <span class='ocrx_word' id='word_1_211' title='bbox 1315 2727 1505 2766; x_wconf 88' lang='lat' dir='ltr'>fruendi!</span> <span class='ocrx_word' id='word_1_212' title='bbox 1540 2727 1600 2766; x_wconf 86' lang='lat' dir='ltr'>Ut</span> <span class='ocrx_word' id='word_1_213' title='bbox 1627 2728 1746 2766; x_wconf 91' lang='lat' dir='ltr'>canis</span> 
     </span>
     <span class='ocr_line' id='line_1_31' title="bbox 172 2788 1748 2851; baseline 0.002 -12"><span class='ocrx_word' id='word_1_214' title='bbox 172 2810 198 2839; x_wconf 88' lang='lat' dir='ltr'>a</span> <span class='ocrx_word' id='word_1_215' title='bbox 231 2800 346 2840; x_wconf 89' lang='lat' dir='ltr'>corio</span> <span class='ocrx_word' id='word_1_216' title='bbox 378 2810 599 2849; x_wconf 89' lang='lat' dir='ltr'>nunquam</span> <span class='ocrx_word' id='word_1_217' title='bbox 626 2801 936 2841; x_wconf 84' lang='lat' dir='ltr'>absterrebitur</span> <span class='ocrx_word' id='word_1_218' title='bbox 962 2803 1104 2842; x_wconf 86' lang='lat' dir='ltr'>uncto.</span> <span class='ocrx_word' id='word_1_219' title='bbox 1133 2802 1311 2841; x_wconf 87' lang='lat' dir='ltr'>Accedit</span> <span class='ocrx_word' id='word_1_220' title='bbox 1338 2803 1449 2851; x_wconf 89' lang='lat' dir='ltr'>quod</span> <span class='ocrx_word' id='word_1_221' title='bbox 1477 2803 1607 2841; x_wconf 87' lang='lat' dir='ltr'>Thais</span> <span class='ocrx_word' id='word_1_222' title='bbox 1635 2788 1748 2842; x_wconf 85' lang='lat' dir='ltr'>inter</span> 
     </span>
     <span class='ocr_line' id='line_1_32' title="bbox 171 2877 1746 2928; baseline 0.002 -13"><span class='ocrx_word' id='word_1_223' title='bbox 171 2877 424 2916; x_wconf 85' lang='lat' dir='ltr'>meretrices</span> <span class='ocrx_word' id='word_1_224' title='bbox 457 2877 707 2926; x_wconf 81' lang='lat' dir='ltr'>exemplum</span> <span class='ocrx_word' id='word_1_225' title='bbox 738 2879 915 2917; x_wconf 88' lang='lat' dir='ltr'>virtutis</span> <span class='ocrx_word' id='word_1_226' title='bbox 948 2881 1027 2928; x_wconf 91' lang='lat' dir='ltr'>est,</span> <span class='ocrx_word' id='word_1_227' title='bbox 1062 2889 1171 2927; x_wconf 88' lang='lat' dir='ltr'>quae</span> <span class='ocrx_word' id='word_1_228' title='bbox 1197 2889 1303 2918; x_wconf 78' lang='lat' dir='ltr'>mox</span> <span class='ocrx_word' id='word_1_229' title='bbox 1330 2889 1405 2927; x_wconf 92' lang='lat' dir='ltr'>pro</span> <span class='ocrx_word' id='word_1_230' title='bbox 1432 2879 1602 2918; x_wconf 87' lang='lat' dir='ltr'>meritis</span> <span class='ocrx_word' id='word_1_231' title='bbox 1629 2890 1746 2928; x_wconf 85' lang='lat' dir='ltr'>prae-</span> 
     </span>
     <span class='ocr_line' id='line_1_33' title="bbox 172 2935 1747 3003; baseline 0.002 -12"><span class='ocrx_word' id='word_1_232' title='bbox 172 2952 312 2992; x_wconf 90' lang='lat' dir='ltr'>mium</span> <span class='ocrx_word' id='word_1_233' title='bbox 349 2952 542 3002; x_wconf 83' lang='lat' dir='ltr'>accipiet.</span> <span class='ocrx_word' id='word_1_234' title='bbox 578 2935 939 2993; x_wconf 84' lang='lat' dir='ltr'>Inseruitlocum</span> <span class='ocrx_word' id='word_1_235' title='bbox 972 2953 1194 2993; x_wconf 85' lang='lat' dir='ltr'>inficetum</span> <span class='ocrx_word' id='word_1_236' title='bbox 1228 2954 1383 3002; x_wconf 90' lang='lat' dir='ltr'>aliquis</span> <span class='ocrx_word' id='word_1_237' title='bbox 1415 2955 1584 3003; x_wconf 88' lang='lat' dir='ltr'>probior</span> <span class='ocrx_word' id='word_1_238' title='bbox 1616 2966 1747 3003; x_wconf 88' lang='lat' dir='ltr'>quam</span> 
     </span>
    </p>
   </div>
  </div>
 </body>
</html>
