2002 3464
828 386 833 389 ’
910 380 935 424 3

53 539 58 541 -
133 511 343 553 Thaidem
369 511 581 560 advolare,
610 510 852 558 retinetque
875 520 975 549 eum
994 511 1238 550 Parmeno?
1255 512 1314 551 At
1329 510 1473 560 potius
1490 510 1701 551 Phaedria

133 599 182 628 se
222 570 312 628 iam
352 587 467 627 ultra
497 587 689 626 laturum
721 586 964 625 meretricis
997 587 1283 626 contumelias
1314 589 1457 638 negat,
1492 589 1536 627 et
1567 598 1632 638 ne,
1667 588 1705 626 si

134 664 328 704 obsecret
358 662 532 712 quidem
564 663 650 713 illa,
686 662 849 702 iturum
882 665 1118 713 asseverat,
1154 664 1441 712 admonetque
1474 674 1575 703 eum
1607 664 1703 703 Par-

96 734 103 742 ’
132 749 261 781 mano
291 739 470 790 periculi
502 739 613 788 quod
644 739 736 788 ipse
768 738 851 778 sibi
882 738 942 778 sit
972 740 1214 790 paraturus,
1249 740 1288 779 si
1320 740 1536 779 obstinato
1569 740 1705 789 egerit

132 815 290 866 annno,
327 815 568 865 „factique”
597 814 659 854 ait
689 816 758 864 „te
784 814 1033 865 poenitebit,
1062 826 1166 854 nam
1194 826 1339 855 carere
1365 818 1515 855 tamen
1542 827 1593 855 ea
1619 827 1704 856 non

129 891 304 942 poteris,
347 891 460 935 ultro
503 891 556 930 ad
589 901 687 930 eam
718 891 899 940 posthac
931 901 1141 941 accurres,
1176 893 1271 931 tum
1303 893 1351 931 tu
1384 892 1423 931 ei
1455 892 1576 931 dabis
1609 903 1703 942 sup-

129 966 321 1018 plicium,
354 978 441 1008 non
473 967 548 1007 illa
578 967 700 1006 tibi.’'
733 967 899 1016 Ergone
931 967 1189 1007 Phaedriam
1223 948 1337 1007 iusto
1368 968 1511 1017 magis
1543 969 1703 1008 iratum

45 1063 48 1065 >
131 1043 283 1102 Thaidi
323 1043 494 1093 placare
525 1043 672 1083 studet
702 1043 928 1094 Parmeno,
962 1054 1142 1093 sperans
1174 1044 1286 1083 inter
1319 1055 1392 1083 eos
1423 1045 1610 1093 gratiam
1642 1055 1702 1084 re-

131 1119 409 1160 conciliatum
435 1119 520 1159 iri?
545 1119 605 1159 At
630 1130 758 1159 nemo
785 1119 1055 1159 Parmenone
1081 1121 1258 1169 gravius
1280 1121 1432 1160 Thaidi
1449 1131 1703 1160 succensere

124 1197 286 1246 -potest,
334 1206 462 1236 nemo
509 1196 652 1245 magis
699 1206 797 1235 earn
839 1196 1058 1246 detestari,
1103 1197 1268 1236 nemini
1309 1197 1452 1246 magis
1494 1198 1545 1236 de
1587 1197 1703 1236 illius

130 1270 309 1322 perfidia
349 1282 445 1312 esse
485 1282 755 1321 persuasum.
798 1272 981 1312 Rectam
1022 1273 1145 1312 nobis
1177 1274 1296 1312 viam
1327 1274 1546 1313 monstrat
1576 1274 1704 1312 vetus

131 1348 386 1399 Scholiasta,
416 1348 538 1388 cuius
558 1348 666 1387 haec
683 1350 750 1387 est
766 1348 999 1388 verissima
1015 1349 1438 1398 prudentissimaque
1456 1350 1701 1389 annotatio:

313 1425 390 1476 „In
435 1425 517 1465 hac
562 1424 747 1477 προτάσει
794 1425 1045 1474 exemplum
1086 1425 1260 1474 ponitur
1302 1436 1432 1474 quam
1474 1437 1560 1465 non
1602 1437 1706 1465 suae

249 1502 479 1552 potestatis
511 1502 571 1541 sit
596 1502 668 1550 qui
695 1503 838 1541 amat:
868 1512 998 1550 quam
1026 1502 1179 1552 sapiat,
1210 1502 1281 1550 qui
1308 1513 1394 1541 non
1422 1504 1543 1542 amat
1568 1513 1706 1551 neque

249 1578 376 1619 aliter
406 1579 588 1619 affectus
621 1579 730 1618 est.”

131 1655 200 1696 Ita
230 1657 320 1696 est:
353 1657 405 1696 de
432 1667 579 1696 amore
606 1666 683 1695 suo
710 1658 937 1704 tamquam
964 1656 1016 1695 de
1043 1666 1088 1695 re
1115 1655 1230 1695 seria
1255 1656 1445 1705 loquitur
1469 1656 1703 1705 Phaedria;

130 1732 183 1772 de
223 1732 483 1772 vindicanda
523 1732 699 1772 Thaidis
741 1732 898 1772 iniuria
940 1733 1112 1782 cogitat,
1153 1733 1252 1781 quid
1285 1733 1367 1772 sibi
1400 1733 1458 1772 sit
1490 1733 1705 1782 agendum

120 1805 341 1848 'deliberat
381 1804 528 1858 etiam,
571 1809 799 1856 tamquam
841 1808 878 1846 si
919 1796 1172 1857 prudentiae
1215 1808 1448 1848 consiliove
1485 1808 1605 1848 locus
1637 1809 1707 1848 hic

131 1884 202 1924 sit.
235 1884 296 1924 At
321 1884 437 1924 servi
469 1884 671 1924 allocutio
703 1884 787 1923 huc
818 1884 906 1923 fere
939 1884 1072 1923 redit:
1110 1884 1224 1934 „noli
1255 1885 1299 1923 te
1327 1885 1432 1924 adeo
1462 1878 1705 1934 macerare,

132 1961 256 2000 crede
286 1960 408 2011 mihi,
442 1960 670 2010 nugatoria
700 1971 770 2000 res
802 1971 925 2000 amor
951 1962 1040 2009 est;
1069 1961 1189 2000 leves
1216 1963 1319 2001 sunt
1345 1971 1497 2002 omnes
1523 1963 1703 2013 puellae,

131 2038 264 2087 tuque
304 2037 477 2088 ineptus
518 2038 591 2087 qui
632 2038 772 2077 solam
815 2037 1024 2077 Thaidem
1066 2038 1145 2077 tibi
1187 2039 1267 2077 soli
1309 2039 1398 2078 fore
1432 2041 1705 2079 constantem

96 2096 98 2100 y
130 2113 210 2154 tibi
240 2114 505 2164 promiseris.
540 2113 648 2164 Quid
679 2113 994 2153 tumultuaris?
1027 2114 1133 2164 Quid
1165 2114 1364 2154 insanis?
1392 2115 1499 2165 Quid
1526 2116 1707 2158 tristitia

130 2191 208 2230 tua
247 2200 429 2240 parvam
460 2201 554 2230 rem
586 2201 793 2240 magnam
825 2190 965 2229 facis?
997 2189 1151 2230 Confer
1182 2192 1226 2230 te
1258 2191 1355 2230 alio.
1388 2191 1581 2241 Denique
1613 2203 1706 2231 rem

131 2265 275 2306 levem
305 2266 371 2306 fer
401 2266 599 2306 leviter.'’

85 2329 87 2331 ¹
190 2343 338 2394 Neque
377 2343 525 2383 minus
565 2343 673 2382 bene
715 2353 846 2392 quarn
889 2343 1132 2382 Scholiasta
1173 2354 1327 2383 scenae
1362 2344 1455 2383 vim
1485 2344 1708 2394 perspexit

133 2419 341 2461 Horatius
388 2423 505 2467 (nam
551 2420 778 2460 Lucretius
819 2420 890 2470 IV,
939 2421 1168 2460 1177—81
1212 2421 1361 2470 paucis
1403 2422 1706 2460 tantummodo

133 2490 354 2536 vocabulis
401 2497 454 2536 ad
496 2507 594 2536 eam
636 2497 815 2547 alludit),
860 2507 989 2545 quem
1030 2496 1125 2536 ideo
1166 2497 1470 2536 tantummodo
1513 2497 1566 2536 ad
1609 2507 1732 2536 earn*

134 2583 366 2623 provocare
401 2575 451 2614 ut
482 2575 634 2614 doceat
665 2575 716 2614 de
748 2584 895 2614 amore
926 2574 1066 2614 multo
1098 2574 1338 2623 sapientius
1369 2574 1707 2624 prudentiusque

135 2649 355 2700 disputare
395 2661 571 2691 servum
617 2651 889 2702 „integrum”
933 2661 1064 2699 quam
1101 2651 1255 2690 herum
1287 2652 1425 2691 amori
1457 2651 1705 2701 obnoxium,

136 2736 192 2766 ex
232 2726 325 2776 ipso
367 2727 526 2767 satirae
569 2727 746 2767 consilio
789 2728 978 2777 apparet.
1018 2727 1192 2767 Persius
1223 2738 1326 2767 vero
1359 2728 1421 2778 (V,
1461 2729 1706 2774 iel—175)
1757 2707 1760 2711 λ

135 2803 229 2842 tam
260 2802 386 2852 longe
413 2803 514 2842 hinc
539 2804 710 2843 aberrat
736 2805 785 2843 ut
813 2814 913 2843 eum
940 2804 991 2842 de
1020 2803 1105 2843 alia
1133 2805 1319 2852 quadam
1349 2804 1537 2853 cogitare
1564 2803 1709 2843 fabula
1732 2805 1736 2814 “

135 2880 381 2929 suspiceris.
416 2880 523 2930 Quid
550 2881 699 2920 enim?
725 2880 937 2925 Phaedria
964 2881 1003 2919 ei
1030 2882 1098 2920 est
1125 2881 1466 2930 Chaerestratus,
1495 2881 1708 2919 Parmeno

136 2955 295 3007 Davus,
329 2956 461 2996 Thais
493 2956 682 3005 Chrysis.
716 2956 888 2995 Dixeris
915 2958 1087 2996 mutata
1115 2967 1210 2995 esse
1238 2956 1416 2996 nomina
1443 2967 1468 2995 a
1495 2957 1707 3009 Terentio,
