2002 3464
951 399 1034 436 235

199 520 370 560 iuvenis
401 521 522 560 illam
554 522 683 560 ducat
714 532 844 570 quam
877 532 925 560 se
957 522 1188 560 ducturum
1221 522 1314 559 tam
1346 521 1455 559 belle
1487 521 1773 570 simulaverit,

200 605 300 636 cum
345 596 455 635 forte
501 597 674 636 fortuna
719 597 763 635 in
806 597 991 636 eundem
1032 597 1177 635 locum
1220 595 1335 635 Crito
1372 596 1574 646 AndriUS,
1610 596 1776 635 amicae

199 671 317 712 illius
359 671 479 722 civis,
521 673 654 722 venit,
699 673 771 721 qui
803 673 870 711 dei
903 682 959 711 ex
989 671 1194 710 machina
1225 671 1364 710 instar
1395 681 1488 710 rem
1520 671 1574 710 ad
1605 671 1775 710 felicem

197 747 404 796 perducat
444 748 627 787 exitum.
670 748 828 787 Narrat
870 748 988 787 enim
1030 748 1218 787 amicam
1260 747 1383 785 illam
1415 757 1501 785 non
1533 757 1630 786 esse
1660 757 1775 796 pere-

197 822 367 872 grinam
398 823 475 863 sed
500 824 828 875 Atheniensem,
858 835 996 873 neque
1023 825 1339 863 Atheniensem
1366 822 1507 861 solum
1536 823 1611 861 sed
1640 823 1776 871 ipsius

197 898 314 938 illius
345 899 527 948 virginis
558 910 765 950 sororem,
800 910 910 949 quae
943 900 1129 939 amatori
1163 900 1255 939 eius
1288 900 1425 939 invito
1454 900 1521 939 est
1548 899 1774 948 desponsa.

255 975 320 1015 En
360 975 548 1015 Andriae
591 976 874 1016 Menandreae
917 977 1226 1025 argumentum
1257 976 1570 1015 brevissimum
1601 976 1776 1023 quidem

0 1043 11 1111 ’ξ
195 1051 272 1092 sed
313 1051 359 1090 in
399 1062 483 1100 quo
524 1052 632 1091 nihil
674 1053 823 1091 tamen
862 1053 921 1091 sit
952 1053 1167 1092 omissum
1199 1053 1311 1100 quod
1344 1052 1526 1091 alicuius
1559 1062 1655 1091 esse
1687 1062 1775 1091 mo-

195 1128 335 1167 menti
374 1128 512 1168 videri
553 1129 703 1177 possit.
747 1129 943 1168 Profecto
982 1130 1109 1168 exilis
1142 1139 1193 1168 ea
1225 1130 1292 1167 est
1324 1128 1528 1178 narratio,
1563 1138 1685 1177 quae,
1721 1139 1775 1167 ne

195 1203 234 1243 si
265 1203 311 1243 in
341 1214 472 1243 scena
499 1204 674 1253 quidem
700 1214 832 1252 quam
859 1205 1022 1253 optime
1049 1205 1215 1254 agatur,
1245 1204 1480 1252 quidquam
1507 1204 1638 1243 habet
1664 1205 1776 1252 quod

195 1289 458 1329 magnopere
484 1280 756 1329 spectantem
784 1280 1118 1328 audientemque
1146 1280 1330 1319 delectet
1354 1280 1422 1319 vel
1440 1280 1644 1319 detineat.
1664 1280 1775 1319 Tum

106 1348 111 1353 ¹
167 1354 374 1394 >demum
419 1354 561 1404 lepida
605 1354 656 1394 fit
702 1365 802 1394 cum
849 1355 959 1394 alter
1001 1356 1176 1404 quidam
1219 1355 1455 1394 intervenit
1486 1356 1668 1405 iuvenis,
1703 1357 1775 1404 qui

195 1430 338 1480 ipsam
379 1430 502 1470 illam
543 1431 771 1480 virginem,
816 1441 948 1479 quam
980 1432 1158 1480 spernat
1189 1431 1304 1480 prior
1335 1431 1419 1481 ille,
1455 1432 1775 1471 ardentissimis

194 1507 311 1546 votis
343 1507 426 1546 sibi
456 1517 640 1546 uxorem
673 1508 830 1556 cupiat.
865 1507 992 1547 Hunc
1024 1508 1142 1547 enim
1174 1508 1279 1557 eius,
1314 1517 1445 1556 quem
1477 1507 1559 1546 sibi
1591 1508 1774 1546 rivalem

193 1583 332 1632 putat,
381 1582 660 1623 simulatione
707 1583 936 1632 deceptum
983 1584 1096 1623 inter
1143 1594 1267 1632 spem
1309 1584 1563 1632 metumque
1596 1584 1774 1623 dubium

195 1658 462 1707 anxiumque
498 1658 752 1697 haerentem
783 1659 963 1698 videbis.
996 1659 1192 1698 Profecto
1227 1660 1464 1708 excogitari
1495 1660 1636 1708 potuit
1666 1660 1775 1699 nihil

194 1733 382 1773 iocosius
418 1734 617 1782 magisve
649 1734 865 1773 comicum
897 1745 1029 1783 quam
1061 1735 1125 1774 ira
1157 1735 1360 1783 dolorque
1393 1735 1572 1774 alterius
1604 1736 1774 1775 iuvenis

193 1809 394 1858 servique
425 1820 482 1849 ex
513 1809 692 1850 alterius
723 1821 810 1850 non
841 1811 1063 1851 intellecta
1094 1812 1373 1850 simulatione
1405 1812 1642 1851 nascentia.

251 1885 414 1926 Deinde
445 1886 728 1926 verissimum
761 1888 828 1926 est
855 1887 968 1936 quod
995 1888 1199 1927 observat
1227 1888 1482 1938 Scholiasta,
1512 1898 1598 1927 non
1616 1888 1773 1927 additis

193 1960 378 2002 Charino
409 1962 646 2011 Byrriaque
677 1963 831 2012 tragici
863 1963 1023 2012 aliquid
1050 1946 1300 2003 habituram
1326 1964 1461 2004 fuisse
1489 1964 1771 2004 comoediam.

193 2037 302 2088 Quid
333 2038 484 2078 enim?
514 2038 645 2087 Virgo
678 2034 902 2088 quaedam,
937 2040 1121 2079 honesto
1153 2039 1246 2079 loco
1278 2042 1394 2090 nata,
1429 2040 1482 2079 ab
1509 2041 1652 2089 aliquo
1679 2040 1772 2080 cive

191 2113 237 2153 in
277 2114 609 2154 matrimonium
649 2115 811 2163 petitur
842 2115 959 2154 illius
990 2114 1091 2165 filio,
1127 2126 1152 2154 a
1183 2117 1305 2165 patre
1338 2117 1586 2167 spondetur,
1621 2117 1773 2156 deinde

191 2192 386 2241 negatur,
444 2191 605 2230 iterum
661 2192 908 2242 spondetur,
957 2192 1118 2232 iterum
1166 2194 1362 2243 negatur,
1413 2194 1548 2233 donec
1594 2194 1773 2233 tandem

191 2266 421 2315 aliquando
463 2268 640 2316 apparet
677 2267 799 2306 illam
831 2268 1045 2307 facessere
1077 2268 1167 2307 iam
1198 2278 1325 2317 posse
1357 2269 1515 2317 illaque
1541 2280 1655 2318 ‘opus
1687 2280 1773 2310 non

191 2352 301 2392 esse,
344 2342 562 2392 quoniam,
606 2343 644 2382 si
680 2343 820 2382 iustas
851 2344 1027 2393 nuptias
1059 2344 1288 2383 contrahat
1319 2345 1571 2384 adolescens
1602 2345 1686 2396 ille,
1721 2347 1772 2386 de

191 2429 275 2468 quo
321 2419 476 2468 agitur,
518 2418 627 2458 nihil
667 2419 811 2459 obstet
852 2421 1085 2472 quominus
1129 2431 1228 2460 cum
1270 2421 1345 2460 illa
1381 2421 1610 2461 contrahat
1641 2433 1768 2471 quam

189 2503 292 2534 vere
323 2495 454 2544 amet,
488 2495 834 2544 quandoquidem
866 2497 910 2535 et
941 2497 1015 2536 illa
1046 2497 1229 2536 honesto
1262 2497 1355 2536 loco
1386 2498 1491 2536 nata
1517 2499 1773 2547 spretaeque

190 2569 307 2610 illius
353 2580 538 2620 sponsae
584 2582 704 2612 soror
751 2573 822 2612 sit.
871 2573 994 2613 Nunc
1041 2574 1178 2613 altera
1224 2584 1346 2614 soror
1390 2585 1489 2614 cum
1531 2574 1686 2623 plausu
1729 2575 1773 2614 et

190 2645 480 2695 gratulatione
521 2648 746 2698 excipitur,
781 2649 918 2688 altera
948 2650 1130 2699 innupta
1162 2652 1312 2689 manet
1344 2651 1490 2699 spreta
1523 2637 1773 2699 contempta

189 2721 351 2762 reiecta
390 2722 518 2771 idque
548 2725 779 2773 postquam
811 2725 1110 2765 crudelissime
1141 2726 1226 2765 huc
1257 2726 1359 2765 illuc
1390 2727 1515 2775 rapta
1546 2727 1771 2775 tractaque

190 2797 261 2837 sit.
312 2797 449 2847 Quem
495 2809 582 2838 non
626 2799 767 2840 tristis
814 2801 930 2840 illius
977 2801 1109 2840 sortis
1156 2802 1396 2842 misereat?
1438 2800 1597 2841 Contra
1628 2802 1666 2840 si
1697 2802 1772 2840 illa

189 2882 358 2922 quoque
400 2875 585 2924 amatur,
629 2875 755 2923 idque
791 2877 958 2916 sincere
1001 2878 1045 2916 et
1076 2887 1132 2916 ex
1164 2877 1323 2927 animo,
1358 2878 1397 2916 si
1429 2877 1620 2916 amantis
1653 2870 1770 2916 illius

188 2946 240 2988 fit
269 2959 380 2989 uxor
410 2950 642 2998 postquam
674 2950 712 2989 is
744 2961 911 3000 quoque
943 2952 1010 2991 cui
1044 2953 1173 2991 antea
1199 2952 1341 2992 fuerat
1368 2953 1770 3003 obtrusa,buxorem
