2002 3464
1032 411 1113 449 158

354 537 419 575 15.
464 536 560 585 Qui
602 536 686 574 vir
727 535 856 580 sies]
904 545 1014 584 „non
1046 535 1091 573 si
1123 535 1209 573 vir
1240 535 1354 574 sies
1386 536 1460 574 sed
1493 535 1582 584 qui
1613 536 1699 575 vir
1730 537 1845 576 sies

291 612 399 658 quod
442 613 509 650 est
550 608 872 659 ἕμφατικώπερον.
911 610 954 648 81
986 610 1226 658 quaesisset
1257 611 1427 658 quidem
1460 611 1531 659 qui
1562 611 1628 649 vir
1658 612 1756 661 sies,
1790 621 1846 651 an

289 686 441 725 debeat
479 687 697 735 praestare
740 685 810 734 qui
851 685 992 724 virum
1029 696 1076 724 se
1107 685 1169 724 sic
1199 687 1517 725 monstraturus
1549 688 1657 726 est.''
1690 687 1844 726 Obscu-

288 763 462 801 rissima
492 763 610 811 haec,
643 772 722 800 nec
752 762 941 800 multum
968 771 1046 800 nos
1074 761 1248 800 adiuvat
1275 762 1555 801 Sabbadinius
1583 763 1842 802 omittendo:

286 838 334 876 si
390 837 718 886 quaesisset
774 836 994 884 quidem
1041 837 1131 884 qui
1177 837 1262 876 vir
1308 837 1422 876 sies
1469 840 1522 876 et‘
1557 838 1734 877 vocibus
1780 849 1845 878 an

287 913 483 952 debeat
515 913 558 951 in
590 913 689 951 novi
721 913 872 951 scholii
904 913 1025 951 initio
1057 913 1276 961 ponendis.

347 989 415 1027 28.
462 989 581 1037 „Non
622 988 738 1026 enim
780 987 879 1036 quia
909 987 1120 1027 Chaereas
1153 989 1230 1038 551,
1264 989 1338 1027 555
1370 988 1469 1036 quia
1501 990 1680 1038 amator,
1715 989 1765 1028 de
1796 999 1844 1029 55

287 1064 403 1112 cupit
428 1063 567 1102 facere
595 1063 958 1111 quemadmodum
985 1063 1214 1112 potiatur.'’
1242 1063 1418 1112 Egregie
1439 1064 1544 1103 haec
1562 1064 1843 1103 Sabbadinius

285 1139 450 1187 plorare
482 1139 612 1177 iussis
645 1139 858 1178 codicibus
890 1139 1137 1177 emendavit
1166 1139 1366 1187 legendo:
1403 1139 1570 1187 „dic-it
1601 1149 1657 1178 se
1683 1140 1843 1193 parvi

285 1214 472 1253 facere
512 1225 587 1263 pro
629 1215 688 1253 de
730 1224 785 1252 se
828 1215 982 1262 cupit
1022 1214 1221 1253 facere.

346 1292 413 1330 56.
447 1291 605 1329 Alias
637 1300 725 1329 155
758 1290 892 1338 agis]
931 1320 947 1339 ,,
968 1290 1136 1329 ...111115
1163 1292 1314 1328 11515111
1342 1290 1456 1338 agite
1484 1290 1680 1329 amabo.''
1707 1291 1840 1339 Lege:

284 1366 384 1405 hinc
414 1367 567 1404 natum
598 1366 698 1404 1155
729 1365 881 1413 agite
914 1366 1117 1404 amabo.
1146 1365 1387 1414 Respicitur
1414 1365 1530 1404 enim
1557 1366 1588 1415 1,
1619 1367 1657 1415 2,
1686 1376 1750 1405 vs,
1770 1367 1840 1416 50,

284 1442 332 1479 ut
361 1442 477 1480 15515
509 1440 789 1479 85555515155
820 1442 980 1478 11151151.
1463 1480 1466 1483 ,

345 1517 412 1555 73.
456 1515 644 1555 Chaerea
675 1515 868 1554 Eunuchi
898 1515 1116 1554 fortunam
1147 1516 1363 1564 praedicat
1394 1516 1483 1563 qui
1525 1516 1744 1564 quidem
1787 1517 1840 1556 in

283 1592 421 1630 hanc
469 1592 630 1630 detur
672 1591 899 1630 domum.
943 1591 1039 1629 Iure
1080 1591 1149 1629 hic
1192 1591 1431 1630 Scholiasta
1472 1591 1660 1630 Terentii
1701 1593 1840 1632 artem

283 1667 532 1716 admiratur,
577 1666 647 1714 qui
684 1666 909 1704 inventum
940 1666 1043 1704 11155
1075 1667 1125 1704 55
1158 1665 1346 1705 Chaerea
1375 1677 1450 1715 pro
1482 1667 1685 1706 Eunucho
1717 1668 1840 1707 dedu-

284 1743 415 1781 cendo
442 1742 504 1780 sic
529 1743 681 1790 sponte
707 1741 826 1780 nasci
853 1741 995 1780 faciat.
1028 1741 1188 1790 „Quid”
1217 1741 1278 1780 ait
1308 1742 1500 1791 „facilius
1528 1753 1655 1791 quam
1679 1743 1840 1783 imitari

282 1818 392 1856 velle
433 1818 543 1866 quod
584 1817 732 1856 laudes
776 1817 815 1863 (1.
858 1817 1036 1867 155555),
1079 1827 1158 1856 1155
1200 1817 1439 1867 quisquam,
1483 1818 1566 1856 nisi
1607 1819 1680 1867 qui
1710 1819 1838 1869 cupit,

283 1892 453 1940 eligitur
507 1902 582 1941 pro
628 1892 844 1942 Eunucho,
894 1893 965 1940 qui
1010 1893 1264 1931 Eunuchum
1312 1894 1436 1941 putat
1482 1903 1576 1932 esse
1620 1894 1838 1934 beatum.’'

282 1967 421 2006 Verba
462 1967 552 2015 qui
593 1967 914 2006 Eunuchum
954 1969 1117 2016 putat
1154 1978 1277 2006 5555
1309 1968 1532 2007 55515111
1563 1969 1708 2018 inepta
1738 1970 1840 2008 sunt

282 2043 477 2091 repetitio
518 2043 747 2081 verborum
780 2043 869 2090 qui
912 2043 1067 2091 cupit
1097 2044 1224 2091 atque
1256 2043 1399 2091 inepto
1431 2044 1523 2083 1555
1554 2044 1706 2092 posita.
1739 2044 1837 2083 Eli·

281 2119 434 2166 gitur
474 2128 568 2166 pro
609 2118 870 2156 Eunucho
913 2118 1026 2156 haud
1068 2118 1192 2156 dubie
1234 2119 1480 2166 corruptum
1513 2120 1591 2158 est.
1624 2119 1839 2158 Audacter

282 2193 509 2241 (nimisque
552 2193 754 2231 audacter
794 2193 990 2238 fortasse)
1035 2192 1316 2231 Sabbadinius
1353 2194 1415 2231 sic
1447 2194 1720 2243 sententiam,
1755 2205 1839 2243 qua
1916 2202 1919 2203 ’

281 2279 387 2316 opus
430 2270 508 2317 est,
547 2268 760 2306 restituit:
806 2269 1003 2317 „laudes.
991 2269 1011 2297 ‘²
1042 2268 1249 2315 numquid
1281 2268 1441 2307 mirum
1473 2268 1510 2307 51
1542 2269 1658 2318 cupit
1689 2269 1838 2309 deduci

280 2355 354 2393 pro
386 2345 589 2383 Eunucho
622 2344 692 2392 qui
724 2344 977 2383 Eunuchum
1008 2345 1132 2393 putat
1163 2354 1257 2382 5555
1288 2345 1506 2383 beatum.’'

341 2421 408 2458 83.
442 2419 631 2458 Facile
667 2421 726 2458 ut
756 2430 850 2467 pro
882 2420 1142 2458 Eunucho
1174 2419 1388 2467 probes]
1425 2387 1650 2469 „probes
1680 2422 1729 2459 ut
1759 2421 1835 2460 mi-

280 2496 454 2543 grantes
496 2504 645 2533 cernas
688 2494 816 2542 (Virg
859 2494 964 2532 Aen.
1008 2493 1077 2542 IV,
1122 2494 1235 2540 401).
1269 2494 1357 2532 Aut
1386 2505 1412 2543 p
1425 2506 1445 2533 r
1457 2505 1480 2533 5
1492 2495 1518 2533 5
1532 2506 1554 2534 5
1565 2506 1587 2534 5
1618 2506 1644 2544 p
1657 2506 1679 2534 e
1690 2507 1712 2534 r
1722 2506 1744 2534 5
1757 2506 1783 2534 5
1795 2506 1834 2535 5-

281 2570 305 2608 5
319 2580 340 2608 5
353 2580 378 2608 5
389 2580 422 2608 5.
456 2570 509 2608 Ε1
540 2569 670 2607 5111151
701 2569 880 2607 honeste
911 2579 996 2607 non
1028 2569 1137 2607 dixit
1167 2569 1277 2616 quod
1310 2571 1401 2608 erat
1431 2571 1598 2609 rectum
1624 2572 1673 2610 ut
1698 2571 1834 2610 Eunu-

281 2645 409 2683 chum
441 2645 593 2693 probes
625 2644 699 2682 sed
731 2655 756 2693 p
769 2655 789 2682 r
802 2655 825 2683 o
856 2645 888 2682 E
900 2655 928 2682 u
940 2654 1008 2682 nu
1021 2644 1081 2682 ch
1093 2653 1117 2681 o
1130 2674 1139 2692 ‚
1173 2654 1226 2681 ne
1258 2645 1374 2682 esset
1405 2645 1764 2684 contumeliosum
1790 2645 1834 2684 in

280 2720 558 2759 Chaeream.''
604 2719 778 2758 Verbis:
826 2720 1026 2768 probes
1071 2720 1129 2757 ut
1174 2719 1489 2767 migrantes
1536 2730 1733 2759 cernas
1773 2720 1834 2759 nil

279 2796 394 2835 51155
425 2796 745 2834 demonstratur
776 2805 906 2843 quam
937 2795 1036 2842 quid
1068 2793 1149 2832 sibi
1182 2795 1229 2832 2³
1261 2805 1371 2842 pers.
1400 2795 1507 2833 coni.
1534 2795 1640 2833 velit
1666 2798 1833 2843 (nempe

279 2871 467 2919 possis
513 2870 748 2918 probare
794 2870 863 2908 vel
908 2870 1050 2918 potius
1097 2869 1308 2917 aliquis
1349 2869 1534 2918 possit
1569 2870 1829 2918 probare).

281 2946 394 2994 Quae
427 2946 663 2992 sequuntur
695 2944 978 2983 diversissimi
1009 2945 1110 2982 sunt
1136 2945 1315 2992 generis,
1346 2955 1444 2992 ergo
1471 2955 1496 2983 a
1507 2955 1535 2982 u
1546 2945 1565 2982 t
1590 2944 1828 2982 delendum.
