<?xml version="1.0" encoding="UTF-8"?>
<!DOCTYPE html PUBLIC "-//W3C//DTD XHTML 1.0 Transitional//EN"
    "http://www.w3.org/TR/xhtml1/DTD/xhtml1-transitional.dtd">
<html xmlns="http://www.w3.org/1999/xhtml" xml:lang="en" lang="en">
 <head>
  <title>
</title>
<meta http-equiv="Content-Type" content="text/html;charset=utf-8" />
  <meta name='ocr-system' content='tesseract 3.04.00' />
  <meta name='ocr-capabilities' content='ocr_page ocr_carea ocr_par ocr_line ocrx_word'/>
</head>
<body>
  <div class='ocr_page' id='page_1' title='image "./deterentioetdona00hartuoft_0201.png"; bbox 0 0 2002 3464; ppageno 0'>
   <div class='ocr_carea' id='block_1_1' title="bbox 0 0 128 83">
    <p class='ocr_par' dir='ltr' id='par_1_1' title="bbox 0 0 128 83">
     <span class='ocr_line' id='line_1_1' title="bbox 0 0 128 83; baseline 0 3381"><span class='ocrx_word' id='word_1_1' title='bbox 0 0 128 83; x_wconf 95' lang='lat' dir='ltr'> </span> 
     </span>
    </p>
   </div>
   <div class='ocr_carea' id='block_1_2' title="bbox 917 373 999 412">
    <p class='ocr_par' dir='ltr' id='par_1_2' title="bbox 917 373 999 412">
     <span class='ocr_line' id='line_1_2' title="bbox 917 373 999 412; baseline 0 0"><span class='ocrx_word' id='word_1_2' title='bbox 917 373 999 412; x_wconf 84' lang='lat'>189</span> 
     </span>
    </p>
   </div>
   <div class='ocr_carea' id='block_1_3' title="bbox 160 498 1732 938">
    <p class='ocr_par' dir='ltr' id='par_1_3' title="bbox 160 498 1730 632">
     <span class='ocr_line' id='line_1_3' title="bbox 220 498 1730 551; baseline -0.007 -5"><span class='ocrx_word' id='word_1_3' title='bbox 220 505 290 546; x_wconf 90' lang='grc'>60.</span> <span class='ocrx_word' id='word_1_4' title='bbox 337 504 407 544; x_wconf 91' lang='lat' dir='ltr'>Ut</span> <span class='ocrx_word' id='word_1_5' title='bbox 453 503 515 543; x_wconf 90' lang='lat' dir='ltr'>ad</span> <span class='ocrx_word' id='word_1_6' title='bbox 560 510 736 551; x_wconf 87' lang='lat' dir='ltr'>pauca</span> <span class='ocrx_word' id='word_1_7' title='bbox 776 500 1024 545; x_wconf 81' lang='lat' dir='ltr'>redeam]</span> <span class='ocrx_word' id='word_1_8' title='bbox 1073 500 1375 548; x_wconf 87' lang='lat' dir='ltr'>„praeceptum</span> <span class='ocrx_word' id='word_1_9' title='bbox 1418 498 1654 537; x_wconf 89' lang='lat' dir='ltr'>oratorium</span> <span class='ocrx_word' id='word_1_10' title='bbox 1687 498 1730 536; x_wconf 89' lang='lat' dir='ltr'>in</span> 
     </span>
     <span class='ocr_line' id='line_1_4' title="bbox 160 576 1253 632; baseline -0.008 -10"><span class='ocrx_word' id='word_1_11' title='bbox 160 582 288 632; x_wconf 84' lang='lat' dir='ltr'>longa</span> <span class='ocrx_word' id='word_1_12' title='bbox 318 580 562 621; x_wconf 78' lang='lat' dir='ltr'>narratione</span> <span class='ocrx_word' id='word_1_13' title='bbox 593 588 669 627; x_wconf 90' lang='lat' dir='ltr'>pro</span> <span class='ocrx_word' id='word_1_14' title='bbox 700 576 900 616; x_wconf 84' lang='lat' dir='ltr'>veritatis</span> <span class='ocrx_word' id='word_1_15' title='bbox 933 576 1253 624; x_wconf 88' lang='lat' dir='ltr'>inquisitione.&#39;’</span> 
     </span>
    </p>

    <p class='ocr_par' dir='ltr' id='par_1_4' title="bbox 161 651 1730 784">
     <span class='ocr_line' id='line_1_5' title="bbox 221 651 1730 702; baseline -0.006 -4"><span class='ocrx_word' id='word_1_16' title='bbox 221 658 292 698; x_wconf 82' lang='lat'>63.</span> <span class='ocrx_word' id='word_1_17' title='bbox 336 656 462 696; x_wconf 85' lang='lat' dir='ltr'>Cum</span> <span class='ocrx_word' id='word_1_18' title='bbox 493 653 717 702; x_wconf 86' lang='lat' dir='ltr'>virgine</span> <span class='ocrx_word' id='word_1_19' title='bbox 750 663 855 691; x_wconf 89' lang='lat' dir='ltr'>una</span> <span class='ocrx_word' id='word_1_20' title='bbox 887 652 1226 691; x_wconf 78' lang='lat' dir='ltr'>adolescens</span> <span class='ocrx_word' id='word_1_21' title='bbox 1260 651 1545 697; x_wconf 78' lang='lat' dir='ltr'>cubuerit]</span> <span class='ocrx_word' id='word_1_22' title='bbox 1585 661 1730 699; x_wconf 82' lang='lat' dir='ltr'>„argu-</span> 
     </span>
     <span class='ocr_line' id='line_1_6' title="bbox 161 728 1198 784; baseline -0.008 -10"><span class='ocrx_word' id='word_1_23' title='bbox 161 734 311 774; x_wconf 87' lang='lat' dir='ltr'>menta</span> <span class='ocrx_word' id='word_1_24' title='bbox 341 732 386 771; x_wconf 91' lang='lat' dir='ltr'>in</span> <span class='ocrx_word' id='word_1_25' title='bbox 417 730 708 784; x_wconf 80' lang='lat' dir='ltr'>coniecturam</span> <span class='ocrx_word' id='word_1_26' title='bbox 740 728 982 767; x_wconf 88' lang='lat' dir='ltr'>necessario</span> <span class='ocrx_word' id='word_1_27' title='bbox 1015 728 1198 776; x_wconf 89' lang='lat' dir='ltr'>posita.&#39;’</span> 
     </span>
    </p>

    <p class='ocr_par' dir='ltr' id='par_1_5' title="bbox 161 803 1732 938">
     <span class='ocr_line' id='line_1_7' title="bbox 226 803 1732 854; baseline -0.005 -5"><span class='ocrx_word' id='word_1_28' title='bbox 226 809 321 849; x_wconf 88' lang='lat'>117.</span> <span class='ocrx_word' id='word_1_29' title='bbox 362 805 610 846; x_wconf 90' lang='lat' dir='ltr'>Nondum</span> <span class='ocrx_word' id='word_1_30' title='bbox 643 805 815 843; x_wconf 89' lang='lat' dir='ltr'>etiam</span> <span class='ocrx_word' id='word_1_31' title='bbox 847 804 990 850; x_wconf 88' lang='lat' dir='ltr'>scio]</span> <span class='ocrx_word' id='word_1_32' title='bbox 1030 804 1262 854; x_wconf 81' lang='lat' dir='ltr'>„...deest</span> <span class='ocrx_word' id='word_1_33' title='bbox 1294 804 1443 843; x_wconf 88' lang='lat' dir='ltr'>scire</span> <span class='ocrx_word' id='word_1_34' title='bbox 1476 805 1519 843; x_wconf 91' lang='lat' dir='ltr'>et</span> <span class='ocrx_word' id='word_1_35' title='bbox 1551 805 1618 842; x_wconf 92' lang='lat' dir='ltr'>est</span> <span class='ocrx_word' id='word_1_36' title='bbox 1650 803 1732 851; x_wconf 90' lang='lat' dir='ltr'>syl-</span> 
     </span>
     <span class='ocr_line' id='line_1_8' title="bbox 161 879 1046 938; baseline -0.008 -12"><span class='ocrx_word' id='word_1_37' title='bbox 161 885 294 936; x_wconf 84' lang='lat' dir='ltr'>lepsis</span> <span class='ocrx_word' id='word_1_38' title='bbox 324 882 647 938; x_wconf 33' lang='lat' dir='ltr'>sciokscire</span> <span class='ocrx_word' id='word_1_39' title='bbox 680 891 780 920; x_wconf 90' lang='lat' dir='ltr'>cum</span> <span class='ocrx_word' id='word_1_40' title='bbox 811 879 1046 933; x_wconf 83' lang='grc' dir='ltr'><strong>ἀναβάσει.”</strong></span> 
     </span>
    </p>
   </div>
   <div class='ocr_carea' id='block_1_4' title="bbox 162 1047 1761 3004">
    <p class='ocr_par' dir='ltr' id='par_1_6' title="bbox 162 1047 1738 1326">
     <span class='ocr_line' id='line_1_9' title="bbox 221 1047 1736 1099; baseline -0.001 -11"><span class='ocrx_word' id='word_1_41' title='bbox 221 1049 275 1099; x_wconf 92' lang='lat'>11,</span> <span class='ocrx_word' id='word_1_42' title='bbox 308 1049 344 1098; x_wconf 83' lang='lat'>1,</span> <span class='ocrx_word' id='word_1_43' title='bbox 373 1047 556 1097; x_wconf 88' lang='lat' dir='ltr'>9.Non,</span> <span class='ocrx_word' id='word_1_44' title='bbox 587 1047 667 1086; x_wconf 89' lang='lat' dir='ltr'>ita</span> <span class='ocrx_word' id='word_1_45' title='bbox 694 1058 775 1086; x_wconf 93' lang='lat' dir='ltr'>me</span> <span class='ocrx_word' id='word_1_46' title='bbox 802 1048 853 1086; x_wconf 90' lang='lat' dir='ltr'>di</span> <span class='ocrx_word' id='word_1_47' title='bbox 880 1048 1017 1086; x_wconf 91' lang='lat' dir='ltr'>bene</span> <span class='ocrx_word' id='word_1_48' title='bbox 1046 1049 1250 1094; x_wconf 90' lang='lat' dir='ltr'>ament]</span> <span class='ocrx_word' id='word_1_49' title='bbox 1274 1047 1736 1097; x_wconf 86' lang='lat' dir='ltr'>„animadvertendum</span> 
     </span>
     <span class='ocr_line' id='line_1_10' title="bbox 162 1122 1737 1173; baseline -0.003 -8"><span class='ocrx_word' id='word_1_50' title='bbox 162 1127 332 1166; x_wconf 86' lang='lat' dir='ltr'>veteres</span> <span class='ocrx_word' id='word_1_51' title='bbox 386 1134 472 1163; x_wconf 93' lang='lat' dir='ltr'>non</span> <span class='ocrx_word' id='word_1_52' title='bbox 529 1124 675 1162; x_wconf 89' lang='lat' dir='ltr'>minus</span> <span class='ocrx_word' id='word_1_53' title='bbox 723 1122 975 1173; x_wconf 82' lang='grc' dir='ltr'>εὐφημισμόν</span> <span class='ocrx_word' id='word_1_54' title='bbox 1024 1123 1068 1162; x_wconf 86' lang='lat' dir='ltr'>in</span> <span class='ocrx_word' id='word_1_55' title='bbox 1114 1124 1258 1162; x_wconf 89' lang='lat' dir='ltr'>verbis</span> <span class='ocrx_word' id='word_1_56' title='bbox 1306 1134 1437 1172; x_wconf 90' lang='lat' dir='ltr'>quam</span> <span class='ocrx_word' id='word_1_57' title='bbox 1482 1122 1737 1173; x_wconf 77' lang='grc' dir='ltr'><em>κακέμφατον</em></span> 
     </span>
     <span class='ocr_line' id='line_1_11' title="bbox 162 1199 1738 1250; baseline -0.001 -10"><span class='ocrx_word' id='word_1_58' title='bbox 162 1199 420 1250; x_wconf 82' lang='lat' dir='ltr'>neglexisse,</span> <span class='ocrx_word' id='word_1_59' title='bbox 462 1199 583 1239; x_wconf 87' lang='lat' dir='ltr'>velut</span> <span class='ocrx_word' id='word_1_60' title='bbox 625 1199 686 1238; x_wconf 92' lang='lat' dir='ltr'>ita</span> <span class='ocrx_word' id='word_1_61' title='bbox 727 1210 798 1238; x_wconf 93' lang='lat' dir='ltr'>me</span> <span class='ocrx_word' id='word_1_62' title='bbox 831 1200 873 1238; x_wconf 88' lang='lat' dir='ltr'>di</span> <span class='ocrx_word' id='word_1_63' title='bbox 906 1199 1014 1238; x_wconf 89' lang='lat' dir='ltr'>bene</span> <span class='ocrx_word' id='word_1_64' title='bbox 1047 1201 1239 1239; x_wconf 90' lang='lat' dir='ltr'>ament.&#39;&#39;</span> <span class='ocrx_word' id='word_1_65' title='bbox 1275 1199 1497 1249; x_wconf 78' lang='lat' dir='ltr'>Quaenam</span> <span class='ocrx_word' id='word_1_66' title='bbox 1530 1199 1599 1238; x_wconf 90' lang='lat' dir='ltr'>hic</span> <span class='ocrx_word' id='word_1_67' title='bbox 1630 1199 1738 1238; x_wconf 89' lang='lat' dir='ltr'>latet</span> 
     </span>
     <span class='ocr_line' id='line_1_12' title="bbox 163 1270 410 1326; baseline 0 -10"><span class='ocrx_word' id='word_1_68' title='bbox 163 1270 410 1326; x_wconf 74' lang='lat' dir='ltr'>Sapientia?</span> 
     </span>
    </p>

    <p class='ocr_par' dir='ltr' id='par_1_7' title="bbox 227 1353 1662 1393">
     <span class='ocr_line' id='line_1_13' title="bbox 227 1353 1662 1393; baseline -0.001 0"><span class='ocrx_word' id='word_1_69' title='bbox 227 1354 294 1393; x_wconf 76' lang='lat'>12.</span> <span class='ocrx_word' id='word_1_70' title='bbox 327 1353 492 1393; x_wconf 83' lang='lat' dir='ltr'>Laches</span> <span class='ocrx_word' id='word_1_71' title='bbox 524 1354 568 1392; x_wconf 86' lang='lat' dir='ltr'>et</span> <span class='ocrx_word' id='word_1_72' title='bbox 599 1353 696 1391; x_wconf 89' lang='lat' dir='ltr'>aliis</span> <span class='ocrx_word' id='word_1_73' title='bbox 727 1353 871 1391; x_wconf 87' lang='lat' dir='ltr'>verbis</span> <span class='ocrx_word' id='word_1_74' title='bbox 903 1353 947 1391; x_wconf 89' lang='lat' dir='ltr'>in</span> <span class='ocrx_word' id='word_1_75' title='bbox 980 1363 1163 1392; x_wconf 84' lang='lat' dir='ltr'>uxorem</span> <span class='ocrx_word' id='word_1_76' title='bbox 1195 1353 1415 1392; x_wconf 88' lang='lat' dir='ltr'>invehitur</span> <span class='ocrx_word' id='word_1_77' title='bbox 1447 1355 1490 1392; x_wconf 93' lang='lat' dir='ltr'>et</span> <span class='ocrx_word' id='word_1_78' title='bbox 1522 1353 1662 1392; x_wconf 87' lang='lat' dir='ltr'>hisce:</span> 
     </span>
    </p>

    <p class='ocr_par' dir='ltr' id='par_1_8' title="bbox 169 1429 1745 2166">
     <span class='ocr_line' id='line_1_14' title="bbox 284 1429 1664 1478; baseline 0 -10"><span class='ocrx_word' id='word_1_79' title='bbox 284 1429 343 1469; x_wconf 88' lang='lat' dir='ltr'>Te</span> <span class='ocrx_word' id='word_1_80' title='bbox 374 1429 626 1469; x_wconf 87' lang='lat' dir='ltr'>immerito?</span> <span class='ocrx_word' id='word_1_81' title='bbox 659 1440 714 1468; x_wconf 90' lang='lat' dir='ltr'>an</span> <span class='ocrx_word' id='word_1_82' title='bbox 745 1429 981 1478; x_wconf 86' lang='lat' dir='ltr'>quidquam</span> <span class='ocrx_word' id='word_1_83' title='bbox 1013 1440 1088 1478; x_wconf 91' lang='lat' dir='ltr'>pro</span> <span class='ocrx_word' id='word_1_84' title='bbox 1122 1430 1219 1468; x_wconf 88' lang='lat' dir='ltr'>istis</span> <span class='ocrx_word' id='word_1_85' title='bbox 1251 1429 1378 1468; x_wconf 87' lang='lat' dir='ltr'>factis</span> <span class='ocrx_word' id='word_1_86' title='bbox 1410 1429 1589 1478; x_wconf 85' lang='lat' dir='ltr'>dignum</span> <span class='ocrx_word' id='word_1_87' title='bbox 1622 1431 1664 1468; x_wconf 89' lang='lat' dir='ltr'>te</span> 
     </span>
     <span class='ocr_line' id='line_1_15' title="bbox 1436 1505 1741 1554; baseline 0 -10"><span class='ocrx_word' id='word_1_88' title='bbox 1436 1505 1533 1552; x_wconf 88' lang='lat' dir='ltr'>[dici</span> <span class='ocrx_word' id='word_1_89' title='bbox 1566 1506 1741 1554; x_wconf 82' lang='lat' dir='ltr'>potest?</span> 
     </span>
     <span class='ocr_line' id='line_1_16' title="bbox 287 1581 1738 1632; baseline -0.001 -10"><span class='ocrx_word' id='word_1_90' title='bbox 287 1581 403 1632; x_wconf 80' lang='lat' dir='ltr'>Quae</span> <span class='ocrx_word' id='word_1_91' title='bbox 434 1592 506 1621; x_wconf 88' lang='lat' dir='ltr'>me</span> <span class='ocrx_word' id='word_1_92' title='bbox 538 1582 582 1621; x_wconf 90' lang='lat' dir='ltr'>et</span> <span class='ocrx_word' id='word_1_93' title='bbox 612 1583 656 1621; x_wconf 89' lang='lat' dir='ltr'>te</span> <span class='ocrx_word' id='word_1_94' title='bbox 688 1583 732 1620; x_wconf 92' lang='lat' dir='ltr'>et</span> <span class='ocrx_word' id='word_1_95' title='bbox 762 1581 976 1621; x_wconf 88' lang='lat' dir='ltr'>familiam</span> <span class='ocrx_word' id='word_1_96' title='bbox 1009 1582 1251 1631; x_wconf 85' lang='lat' dir='ltr'>dedecoras,</span> <span class='ocrx_word' id='word_1_97' title='bbox 1285 1581 1372 1620; x_wconf 89' lang='lat' dir='ltr'>filio</span> <span class='ocrx_word' id='word_1_98' title='bbox 1404 1582 1572 1621; x_wconf 88' lang='lat' dir='ltr'>luctum</span> <span class='ocrx_word' id='word_1_99' title='bbox 1598 1591 1738 1631; x_wconf 83' lang='lat' dir='ltr'>paraS‚</span> 
     </span>
     <span class='ocr_line' id='line_1_17' title="bbox 287 1657 1739 1698; baseline -0.001 0"><span class='ocrx_word' id='word_1_100' title='bbox 287 1658 400 1698; x_wconf 84' lang='lat' dir='ltr'>Turn</span> <span class='ocrx_word' id='word_1_101' title='bbox 432 1659 580 1698; x_wconf 91' lang='lat' dir='ltr'>autem</span> <span class='ocrx_word' id='word_1_102' title='bbox 612 1668 668 1697; x_wconf 81' lang='lat' dir='ltr'>ex</span> <span class='ocrx_word' id='word_1_103' title='bbox 700 1658 853 1697; x_wconf 90' lang='lat' dir='ltr'>amicis</span> <span class='ocrx_word' id='word_1_104' title='bbox 886 1658 1050 1697; x_wconf 88' lang='lat' dir='ltr'>inimici</span> <span class='ocrx_word' id='word_1_105' title='bbox 1082 1659 1131 1697; x_wconf 92' lang='lat' dir='ltr'>ut</span> <span class='ocrx_word' id='word_1_106' title='bbox 1162 1658 1251 1697; x_wconf 88' lang='lat' dir='ltr'>sint</span> <span class='ocrx_word' id='word_1_107' title='bbox 1282 1658 1405 1697; x_wconf 91' lang='lat' dir='ltr'>nobis</span> <span class='ocrx_word' id='word_1_108' title='bbox 1434 1657 1584 1697; x_wconf 89' lang='lat' dir='ltr'>affines</span> <span class='ocrx_word' id='word_1_109' title='bbox 1610 1658 1739 1697; x_wconf 88' lang='lat' dir='ltr'>facis:</span> 
     </span>
     <span class='ocr_line' id='line_1_18' title="bbox 289 1734 1740 1784; baseline 0 -11"><span class='ocrx_word' id='word_1_110' title='bbox 289 1734 369 1784; x_wconf 81' lang='lat' dir='ltr'>Qui</span> <span class='ocrx_word' id='word_1_111' title='bbox 394 1734 520 1774; x_wconf 90' lang='lat' dir='ltr'>illum</span> <span class='ocrx_word' id='word_1_112' title='bbox 546 1734 776 1773; x_wconf 85' lang='lat' dir='ltr'>decrerunt</span> <span class='ocrx_word' id='word_1_113' title='bbox 803 1734 994 1784; x_wconf 85' lang='lat' dir='ltr'>dignum,</span> <span class='ocrx_word' id='word_1_114' title='bbox 1024 1745 1126 1774; x_wconf 91' lang='lat' dir='ltr'>suos</span> <span class='ocrx_word' id='word_1_115' title='bbox 1144 1735 1212 1773; x_wconf 91' lang='lat' dir='ltr'>cui</span> <span class='ocrx_word' id='word_1_116' title='bbox 1229 1734 1386 1774; x_wconf 89' lang='lat' dir='ltr'>liberos</span> <span class='ocrx_word' id='word_1_117' title='bbox 1404 1734 1740 1774; x_wconf 84' lang='lat' dir='ltr'>committerent.</span> 
     </span>
     <span class='ocr_line' id='line_1_19' title="bbox 169 1811 1743 1862; baseline -0.001 -11"><span class='ocrx_word' id='word_1_118' title='bbox 169 1812 407 1861; x_wconf 87' lang='lat' dir='ltr'>Dignum</span> <span class='ocrx_word' id='word_1_119' title='bbox 454 1821 587 1850; x_wconf 90' lang='lat' dir='ltr'>suos</span> <span class='ocrx_word' id='word_1_120' title='bbox 635 1812 721 1850; x_wconf 91' lang='lat' dir='ltr'>cui</span> <span class='ocrx_word' id='word_1_121' title='bbox 763 1811 979 1851; x_wconf 86' lang='lat' dir='ltr'>liberos</span> <span class='ocrx_word' id='word_1_122' title='bbox 1022 1812 1479 1858; x_wconf 85' lang='lat' dir='ltr'>committerent]</span> <span class='ocrx_word' id='word_1_123' title='bbox 1527 1811 1743 1862; x_wconf 85' lang='lat' dir='ltr'>„multum</span> 
     </span>
     <span class='ocr_line' id='line_1_20' title="bbox 171 1887 1743 1937; baseline 0 -10"><span class='ocrx_word' id='word_1_124' title='bbox 171 1889 376 1928; x_wconf 89' lang='lat' dir='ltr'>sonanter</span> <span class='ocrx_word' id='word_1_125' title='bbox 421 1889 465 1926; x_wconf 92' lang='lat' dir='ltr'>et</span> <span class='ocrx_word' id='word_1_126' title='bbox 511 1887 779 1927; x_wconf 86' lang='lat' dir='ltr'>accusatorio</span> <span class='ocrx_word' id='word_1_127' title='bbox 821 1887 1017 1937; x_wconf 89' lang='lat' dir='ltr'>strepitu,</span> <span class='ocrx_word' id='word_1_128' title='bbox 1062 1898 1141 1927; x_wconf 91' lang='lat' dir='ltr'>nec</span> <span class='ocrx_word' id='word_1_129' title='bbox 1172 1888 1465 1927; x_wconf 88' lang='lat' dir='ltr'>masculinum</span> <span class='ocrx_word' id='word_1_130' title='bbox 1496 1898 1633 1937; x_wconf 85' lang='lat' dir='ltr'>genus</span> <span class='ocrx_word' id='word_1_131' title='bbox 1665 1898 1743 1926; x_wconf 89' lang='lat' dir='ltr'>nec</span> 
     </span>
     <span class='ocr_line' id='line_1_21' title="bbox 170 1963 1743 2013; baseline 0.001 -11"><span class='ocrx_word' id='word_1_132' title='bbox 170 1963 431 2003; x_wconf 90' lang='lat' dir='ltr'>femininum</span> <span class='ocrx_word' id='word_1_133' title='bbox 477 1963 632 2012; x_wconf 88' lang='lat' dir='ltr'>posuit,</span> <span class='ocrx_word' id='word_1_134' title='bbox 682 1973 761 2002; x_wconf 89' lang='lat' dir='ltr'>nec</span> <span class='ocrx_word' id='word_1_135' title='bbox 802 1974 935 2003; x_wconf 92' lang='lat' dir='ltr'>unam</span> <span class='ocrx_word' id='word_1_136' title='bbox 978 1964 1053 2003; x_wconf 91' lang='lat' dir='ltr'>sed</span> <span class='ocrx_word' id='word_1_137' title='bbox 1094 1964 1294 2013; x_wconf 80' lang='lat' dir='ltr'>liberos.”</span> <span class='ocrx_word' id='word_1_138' title='bbox 1337 1965 1462 2004; x_wconf 89' lang='lat' dir='ltr'>Prius</span> <span class='ocrx_word' id='word_1_139' title='bbox 1503 1975 1602 2004; x_wconf 88' lang='lat' dir='ltr'>nec</span> <span class='ocrx_word' id='word_1_140' title='bbox 1644 1965 1743 2004; x_wconf 89' lang='lat' dir='ltr'>abii-</span> 
     </span>
     <span class='ocr_line' id='line_1_22' title="bbox 173 2035 1745 2090; baseline 0.001 -11"><span class='ocrx_word' id='word_1_141' title='bbox 173 2039 396 2080; x_wconf 92' lang='lat' dir='ltr'>ciendum:</span> <span class='ocrx_word' id='word_1_142' title='bbox 430 2039 474 2078; x_wconf 92' lang='lat' dir='ltr'>in</span> <span class='ocrx_word' id='word_1_143' title='bbox 506 2049 556 2078; x_wconf 92' lang='lat' dir='ltr'>eo</span> <span class='ocrx_word' id='word_1_144' title='bbox 588 2039 705 2078; x_wconf 90' lang='lat' dir='ltr'>enim</span> <span class='ocrx_word' id='word_1_145' title='bbox 736 2039 850 2078; x_wconf 89' lang='lat' dir='ltr'>inest</span> <span class='ocrx_word' id='word_1_146' title='bbox 876 2040 1083 2079; x_wconf 87' lang='lat' dir='ltr'>orationis</span> <span class='ocrx_word' id='word_1_147' title='bbox 1110 2035 1303 2089; x_wconf 86' lang='lat' dir='ltr'>gravitas</span> <span class='ocrx_word' id='word_1_148' title='bbox 1331 2042 1441 2090; x_wconf 92' lang='lat' dir='ltr'>quod</span> <span class='ocrx_word' id='word_1_149' title='bbox 1468 2042 1633 2081; x_wconf 86' lang='lat' dir='ltr'>Laches</span> <span class='ocrx_word' id='word_1_150' title='bbox 1659 2053 1745 2081; x_wconf 93' lang='lat' dir='ltr'>non</span> 
     </span>
     <span class='ocr_line' id='line_1_23' title="bbox 172 2115 1486 2166; baseline 0.002 -11"><span class='ocrx_word' id='word_1_151' title='bbox 172 2115 361 2155; x_wconf 87' lang='lat' dir='ltr'>filiam</span> <span class='ocrx_word' id='word_1_152' title='bbox 394 2115 508 2166; x_wconf 85' lang='lat' dir='ltr'>dicit,</span> <span class='ocrx_word' id='word_1_153' title='bbox 542 2115 617 2154; x_wconf 92' lang='lat' dir='ltr'>sed</span> <span class='ocrx_word' id='word_1_154' title='bbox 649 2116 693 2154; x_wconf 90' lang='lat' dir='ltr'>in</span> <span class='ocrx_word' id='word_1_155' title='bbox 725 2116 965 2155; x_wconf 88' lang='lat' dir='ltr'>masculino</span> <span class='ocrx_word' id='word_1_156' title='bbox 999 2118 1042 2156; x_wconf 90' lang='lat' dir='ltr'>et</span> <span class='ocrx_word' id='word_1_157' title='bbox 1072 2117 1226 2166; x_wconf 87' lang='lat' dir='ltr'>plurali</span> <span class='ocrx_word' id='word_1_158' title='bbox 1258 2117 1486 2157; x_wconf 88' lang='lat' dir='ltr'>liberos.</span> 
     </span>
    </p>

    <p class='ocr_par' dir='ltr' id='par_1_9' title="bbox 175 2190 1748 2546">
     <span class='ocr_line' id='line_1_24' title="bbox 238 2190 1744 2242; baseline 0.002 -11"><span class='ocrx_word' id='word_1_159' title='bbox 238 2192 304 2232; x_wconf 86' lang='lat'>17.</span> <span class='ocrx_word' id='word_1_160' title='bbox 353 2191 451 2240; x_wconf 88' lang='lat' dir='ltr'>„Tu</span> <span class='ocrx_word' id='word_1_161' title='bbox 492 2191 697 2231; x_wconf 88' lang='lat' dir='ltr'>mulier</span> <span class='ocrx_word' id='word_1_162' title='bbox 737 2190 910 2242; x_wconf 76' lang='grc' dir='ltr'><em>ἔμφασιν</em></span> <span class='ocrx_word' id='word_1_163' title='bbox 950 2193 1145 2232; x_wconf 86' lang='lat' dir='ltr'>malitiae</span> <span class='ocrx_word' id='word_1_164' title='bbox 1186 2194 1328 2233; x_wconf 89' lang='lat' dir='ltr'>habet.</span> <span class='ocrx_word' id='word_1_165' title='bbox 1372 2194 1424 2234; x_wconf 85' lang='lat' dir='ltr'>Et</span> <span class='ocrx_word' id='word_1_166' title='bbox 1467 2195 1642 2234; x_wconf 91' lang='lat' dir='ltr'>omnino</span> <span class='ocrx_word' id='word_1_167' title='bbox 1675 2206 1744 2234; x_wconf 81' lang='lat' dir='ltr'>ex-</span> 
     </span>
     <span class='ocr_line' id='line_1_25' title="bbox 175 2267 1746 2318; baseline 0.003 -11"><span class='ocrx_word' id='word_1_168' title='bbox 175 2268 341 2318; x_wconf 89' lang='lat' dir='ltr'>pressio</span> <span class='ocrx_word' id='word_1_169' title='bbox 398 2267 721 2307; x_wconf 90' lang='lat' dir='ltr'>consuetudinis</span> <span class='ocrx_word' id='word_1_170' title='bbox 777 2270 845 2308; x_wconf 91' lang='lat' dir='ltr'>est</span> <span class='ocrx_word' id='word_1_171' title='bbox 891 2269 943 2308; x_wconf 88' lang='lat' dir='ltr'>ad</span> <span class='ocrx_word' id='word_1_172' title='bbox 990 2269 1375 2318; x_wconf 88' lang='lat' dir='ltr'>indignationem.”</span> <span class='ocrx_word' id='word_1_173' title='bbox 1422 2271 1503 2310; x_wconf 88' lang='lat' dir='ltr'>Pro</span> <span class='ocrx_word' id='word_1_174' title='bbox 1552 2273 1638 2310; x_wconf 90' lang='lat' dir='ltr'>est</span> <span class='ocrx_word' id='word_1_175' title='bbox 1684 2272 1746 2311; x_wconf 89' lang='lat' dir='ltr'>ad</span> 
     </span>
     <span class='ocr_line' id='line_1_26' title="bbox 175 2343 1748 2396; baseline 0.002 -12"><span class='ocrx_word' id='word_1_176' title='bbox 175 2344 408 2393; x_wconf 90' lang='lat' dir='ltr'>requiritur</span> <span class='ocrx_word' id='word_1_177' title='bbox 462 2343 551 2383; x_wconf 88' lang='lat' dir='ltr'>fere</span> <span class='ocrx_word' id='word_1_178' title='bbox 607 2344 934 2395; x_wconf 86' lang='lat' dir='ltr'>significat,</span> <span class='ocrx_word' id='word_1_179' title='bbox 988 2347 1036 2384; x_wconf 92' lang='lat' dir='ltr'>ut</span> <span class='ocrx_word' id='word_1_180' title='bbox 1082 2356 1238 2385; x_wconf 90' lang='lat' dir='ltr'>sensus</span> <span class='ocrx_word' id='word_1_181' title='bbox 1285 2346 1365 2385; x_wconf 91' lang='lat' dir='ltr'>sit:</span> <span class='ocrx_word' id='word_1_182' title='bbox 1418 2347 1488 2396; x_wconf 90' lang='lat' dir='ltr'>„in</span> <span class='ocrx_word' id='word_1_183' title='bbox 1536 2348 1748 2387; x_wconf 89' lang='lat' dir='ltr'>eiusmodi</span> 
     </span>
     <span class='ocr_line' id='line_1_27' title="bbox 177 2419 1746 2473; baseline 0.001 -13"><span class='ocrx_word' id='word_1_184' title='bbox 177 2419 580 2470; x_wconf 88' lang='lat' dir='ltr'>reprehensionibus</span> <span class='ocrx_word' id='word_1_185' title='bbox 621 2430 792 2470; x_wconf 81' lang='lat' dir='ltr'>nomen,</span> <span class='ocrx_word' id='word_1_186' title='bbox 826 2431 908 2469; x_wconf 93' lang='lat' dir='ltr'>quo</span> <span class='ocrx_word' id='word_1_187' title='bbox 942 2422 1205 2461; x_wconf 88' lang='lat' dir='ltr'>consuetudo</span> <span class='ocrx_word' id='word_1_188' title='bbox 1239 2423 1282 2461; x_wconf 86' lang='lat' dir='ltr'>et</span> <span class='ocrx_word' id='word_1_189' title='bbox 1312 2422 1588 2462; x_wconf 87' lang='lat' dir='ltr'>familiaritas</span> <span class='ocrx_word' id='word_1_190' title='bbox 1620 2424 1746 2473; x_wconf 85' lang='lat' dir='ltr'>signi-</span> 
     </span>
     <span class='ocr_line' id='line_1_28' title="bbox 176 2495 1040 2546; baseline 0.001 -11"><span class='ocrx_word' id='word_1_191' title='bbox 176 2495 343 2546; x_wconf 86' lang='lat' dir='ltr'>ficatur,</span> <span class='ocrx_word' id='word_1_192' title='bbox 378 2495 561 2535; x_wconf 89' lang='lat' dir='ltr'>adiicere</span> <span class='ocrx_word' id='word_1_193' title='bbox 593 2495 900 2545; x_wconf 85' lang='lat' dir='ltr'>indignabundi</span> <span class='ocrx_word' id='word_1_194' title='bbox 931 2498 1040 2536; x_wconf 91' lang='lat' dir='ltr'>est.’&#39;</span> 
     </span>
    </p>

    <p class='ocr_par' dir='ltr' id='par_1_10' title="bbox 240 2571 1689 2623">
     <span class='ocr_line' id='line_1_29' title="bbox 240 2571 1689 2623; baseline 0.003 -13"><span class='ocrx_word' id='word_1_195' title='bbox 240 2573 309 2611; x_wconf 85' lang='lat'>26.</span> <span class='ocrx_word' id='word_1_196' title='bbox 387 2572 446 2610; x_wconf 88' lang='lat' dir='ltr'>At</span> <span class='ocrx_word' id='word_1_197' title='bbox 475 2571 573 2611; x_wconf 88' lang='lat' dir='ltr'>vide</span> <span class='ocrx_word' id='word_1_198' title='bbox 605 2582 736 2621; x_wconf 90' lang='lat' dir='ltr'>quam</span> <span class='ocrx_word' id='word_1_199' title='bbox 768 2572 988 2613; x_wconf 88' lang='lat' dir='ltr'>immerito</span> <span class='ocrx_word' id='word_1_200' title='bbox 1021 2573 1243 2623; x_wconf 86' lang='lat' dir='ltr'>aegritudo</span> <span class='ocrx_word' id='word_1_201' title='bbox 1275 2575 1382 2614; x_wconf 90' lang='lat' dir='ltr'>haec</span> <span class='ocrx_word' id='word_1_202' title='bbox 1414 2575 1550 2614; x_wconf 87' lang='lat' dir='ltr'>oritur</span> <span class='ocrx_word' id='word_1_203' title='bbox 1581 2576 1689 2615; x_wconf 87' lang='lat' dir='ltr'>mihi</span> 
     </span>
    </p>

    <p class='ocr_par' dir='ltr' id='par_1_11' title="bbox 182 2652 1761 3004">
     <span class='ocr_line' id='line_1_30' title="bbox 1324 2652 1747 2702; baseline 0.007 -12"><span class='ocrx_word' id='word_1_204' title='bbox 1324 2652 1416 2698; x_wconf 92' lang='lat' dir='ltr'>[abs</span> <span class='ocrx_word' id='word_1_205' title='bbox 1448 2653 1503 2702; x_wconf 85' lang='lat' dir='ltr'>te,</span> <span class='ocrx_word' id='word_1_206' title='bbox 1539 2652 1747 2693; x_wconf 85' lang='lat' dir='ltr'>Sostrata.</span> 
     </span>
     <span class='ocr_line' id='line_1_31' title="bbox 182 2723 1751 2776; baseline 0.003 -13"><span class='ocrx_word' id='word_1_207' title='bbox 182 2723 345 2764; x_wconf 87' lang='lat' dir='ltr'>Schol.:</span> <span class='ocrx_word' id='word_1_208' title='bbox 383 2725 638 2774; x_wconf 84' lang='lat' dir='ltr'>„postquam</span> <span class='ocrx_word' id='word_1_209' title='bbox 665 2724 716 2764; x_wconf 91' lang='lat' dir='ltr'>de</span> <span class='ocrx_word' id='word_1_210' title='bbox 743 2725 899 2765; x_wconf 89' lang='lat' dir='ltr'>iniuria</span> <span class='ocrx_word' id='word_1_211' title='bbox 925 2726 1047 2776; x_wconf 79' lang='lat' dir='ltr'>dixit,</span> <span class='ocrx_word' id='word_1_212' title='bbox 1077 2727 1128 2765; x_wconf 93' lang='lat' dir='ltr'>de</span> <span class='ocrx_word' id='word_1_213' title='bbox 1155 2737 1338 2776; x_wconf 88' lang='lat' dir='ltr'>persona</span> <span class='ocrx_word' id='word_1_214' title='bbox 1365 2728 1458 2767; x_wconf 88' lang='lat' dir='ltr'>eius</span> <span class='ocrx_word' id='word_1_215' title='bbox 1485 2729 1606 2768; x_wconf 88' lang='lat' dir='ltr'>cuius</span> <span class='ocrx_word' id='word_1_216' title='bbox 1633 2723 1751 2768; x_wconf 76' lang='lat' dir='ltr'>fama</span> 
     </span>
     <span class='ocr_line' id='line_1_32' title="bbox 183 2800 1752 2850; baseline 0.003 -11"><span class='ocrx_word' id='word_1_217' title='bbox 183 2801 262 2850; x_wconf 88' lang='lat' dir='ltr'>est,</span> <span class='ocrx_word' id='word_1_218' title='bbox 296 2800 338 2839; x_wconf 90' lang='lat' dir='ltr'>id</span> <span class='ocrx_word' id='word_1_219' title='bbox 371 2802 438 2839; x_wconf 91' lang='lat' dir='ltr'>est</span> <span class='ocrx_word' id='word_1_220' title='bbox 471 2801 612 2839; x_wconf 90' lang='lat' dir='ltr'>cum.”</span> <span class='ocrx_word' id='word_1_221' title='bbox 642 2800 799 2840; x_wconf 85' lang='lat' dir='ltr'>Scholii</span> <span class='ocrx_word' id='word_1_222' title='bbox 826 2801 955 2841; x_wconf 86' lang='lat' dir='ltr'>laceri</span> <span class='ocrx_word' id='word_1_223' title='bbox 982 2803 1147 2842; x_wconf 88' lang='lat' dir='ltr'>incerta</span> <span class='ocrx_word' id='word_1_224' title='bbox 1174 2804 1432 2843; x_wconf 89' lang='lat' dir='ltr'>emendatio.</span> <span class='ocrx_word' id='word_1_225' title='bbox 1461 2805 1554 2844; x_wconf 91' lang='lat' dir='ltr'>Hoc</span> <span class='ocrx_word' id='word_1_226' title='bbox 1581 2807 1752 2844; x_wconf 85' lang='lat' dir='ltr'>constat</span> 
     </span>
     <span class='ocr_line' id='line_1_33' title="bbox 182 2876 1761 2930; baseline 0.003 -15"><span class='ocrx_word' id='word_1_227' title='bbox 182 2887 258 2926; x_wconf 92' lang='lat' dir='ltr'>pro</span> <span class='ocrx_word' id='word_1_228' title='bbox 300 2876 461 2916; x_wconf 87' lang='lat' dir='ltr'>cuius</span> <span class='ocrx_word' id='word_1_229' title='bbox 497 2876 644 2916; x_wconf 91' lang='lat' dir='ltr'>fama</span> <span class='ocrx_word' id='word_1_230' title='bbox 676 2878 763 2916; x_wconf 91' lang='lat' dir='ltr'>est</span> <span class='ocrx_word' id='word_1_231' title='bbox 794 2877 1023 2927; x_wconf 89' lang='lat' dir='ltr'>legendum</span> <span class='ocrx_word' id='word_1_232' title='bbox 1056 2889 1151 2918; x_wconf 91' lang='lat' dir='ltr'>esse</span> <span class='ocrx_word' id='word_1_233' title='bbox 1185 2880 1272 2918; x_wconf 91' lang='lat' dir='ltr'>cui</span> <span class='ocrx_word' id='word_1_234' title='bbox 1303 2880 1458 2919; x_wconf 86' lang='lat' dir='ltr'>facta</span> <span class='ocrx_word' id='word_1_235' title='bbox 1491 2883 1589 2920; x_wconf 88' lang='lat' dir='ltr'>est.</span> <span class='ocrx_word' id='word_1_236' title='bbox 1624 2882 1761 2930; x_wconf 60' lang='lat' dir='ltr'>Sequi,</span> 
     </span>
     <span class='ocr_line' id='line_1_34' title="bbox 183 2952 1348 3004; baseline 0.003 -12"><span class='ocrx_word' id='word_1_237' title='bbox 183 2953 272 2993; x_wconf 84' lang='lat' dir='ltr'>fere</span> <span class='ocrx_word' id='word_1_238' title='bbox 304 2953 451 2992; x_wconf 91' lang='lat' dir='ltr'>debet:</span> <span class='ocrx_word' id='word_1_239' title='bbox 489 2954 610 3003; x_wconf 81' lang='lat' dir='ltr'>„tum</span> <span class='ocrx_word' id='word_1_240' title='bbox 642 2952 693 2992; x_wconf 91' lang='lat' dir='ltr'>de</span> <span class='ocrx_word' id='word_1_241' title='bbox 726 2953 818 2992; x_wconf 88' lang='lat' dir='ltr'>eius</span> <span class='ocrx_word' id='word_1_242' title='bbox 849 2964 1032 3003; x_wconf 87' lang='lat' dir='ltr'>persona</span> <span class='ocrx_word' id='word_1_243' title='bbox 1064 2965 1172 3004; x_wconf 87' lang='lat' dir='ltr'>quae</span> <span class='ocrx_word' id='word_1_244' title='bbox 1204 2955 1348 2995; x_wconf 86' lang='lat' dir='ltr'>fecit.”</span> 
     </span>
    </p>
   </div>
  </div>
 </body>
</html>
