2002 3464
1025 385 1108 424 236

283 509 436 547 nactus
479 510 545 547 est
587 519 682 547 eam
725 520 854 557 quam
897 510 1097 559 cupierat,
1142 510 1288 549 omnia
1318 521 1403 549 non
1429 511 1542 549 recte
1575 510 1715 548 solum
1747 519 1836 558 pro-

286 584 441 622 cedunt
471 585 545 623 sed
577 585 884 624 iucundissime
916 585 1048 624 etiam
1080 585 1438 634 lepidissimeque.

346 659 462 708 Quod
495 660 640 698 autem
674 660 913 699 Scholiasta
944 660 1046 699 dicit
1076 661 1267 699 fabulam
1299 671 1324 699 a
1355 671 1438 708 qua
1464 659 1674 699 Charinus
1700 659 1838 708 Byrri-

285 745 392 782 aque
450 735 592 773 absint
647 734 944 786 τραγικώτερόν·
984 750 1018 773 τι
1065 736 1233 784 habere,
1282 735 1439 774 rectius
1486 735 1619 774 etiam
1652 721 1838 786 ’ἀγροικό-

283 808 394 860 τερόν
425 824 459 846 τι
486 809 680 848 dixisset.
708 810 819 865 Nam
846 807 1044 861 ἀγροικίας
1072 810 1177 848 vitio
1203 810 1424 849 laborabat
1449 810 1667 849 Menandri
1682 809 1838 860 fabula,

283 885 393 932 quod
425 885 649 923 Terentius
681 885 930 924 felicissimo
962 895 1039 924 suo
1071 886 1245 924 invento
1278 886 1441 924 exemit
1467 885 1740 934 sustulitque.

342 960 502 998 Deinde
534 960 645 1008 quod
676 961 727 998 de
757 961 895 1008 primo
922 962 1095 999 nostrae
1121 961 1288 999 fabulae
1316 962 1414 999 actu
1441 971 1517 1009 ego
1544 961 1838 1011 observabam,

284 1036 398 1074 idem
430 1036 480 1074 de
508 1035 800 1074 enuntiatione
828 1046 977 1074 earum
1003 1045 1243 1085 scenarum,
1272 1035 1341 1074 ubi
1371 1034 1580 1074 Charinus
1605 1035 1840 1084 Byrriaque

283 1112 525 1160 loquuntur,
560 1112 641 1150 dici
672 1113 835 1160 potest:
869 1112 943 1150 illa
974 1122 1139 1160 quoque
1164 1112 1308 1150 ‘laxior
1335 1112 1401 1150 est
1427 1112 1471 1150 et
1496 1111 1660 1160 legibus
1686 1111 1839 1151 soluta.

286 1187 399 1236 Quae
441 1197 509 1225 res
552 1187 621 1225 hic
657 1197 822 1235 quoque
860 1187 988 1226 efficit
1019 1189 1067 1226 ut
1097 1187 1223 1226 rebus
1254 1187 1463 1234 factisque
1496 1187 1744 1226 Terentium
1775 1187 1865 1226 de-'

283 1262 599 1310 prehendamus
630 1273 707 1301 suo
739 1263 879 1301 solum
912 1264 1106 1301 utentem
1137 1263 1319 1311 ingenio.

343 1338 566 1376 Postremo
598 1348 728 1386 quam
754 1338 890 1386 lepide
917 1338 1016 1377 illae
1042 1338 1130 1376 sint
1157 1348 1182 1376 a
1208 1338 1404 1377 Terentio
1432 1339 1673 1381 elaboratae
1689 1348 1843 1378 scenae

284 1414 455 1462 egregie
487 1414 610 1452 docet
642 1413 882 1452 Scholiasta
913 1414 981 1451 his
1013 1413 1383 1452 annotationibus:

343 1489 397 1538 Π,
445 1490 480 1538 1,
529 1489 594 1527 18.
629 1488 931 1527 Charinum
962 1489 1139 1534 video]
1177 1489 1255 1538 „ad
1287 1489 1511 1537 hocprior
1541 1489 1690 1537 incipit
1719 1488 1841 1527 Pam-

283 1565 439 1614 philus,
483 1565 530 1603 ut
569 1564 621 1602 ad
653 1564 967 1603 confessionem
999 1563 1171 1603 Charini
1201 1564 1347 1602 minus
1379 1564 1525 1603 clausa
1553 1574 1655 1612 prae
1685 1563 1843 1612 pudore

285 1640 343 1678 sit
374 1640 487 1678 via.'’

344 1715 397 1764 11,
435 1715 470 1763 1,
507 1715 574 1753 25.
1069 1714 1144 1753 Pa.
1178 1696 1471 1753 Ehodumfflc
1500 1713 1621 1763 mihi,

461 1790 575 1828 Num
606 1789 705 1838 quid
737 1800 839 1828 nam
872 1789 1057 1838 amplius
1088 1789 1166 1827 tibi
1199 1799 1297 1828 cum
1327 1789 1401 1827 illa
1425 1784 1506 1827 fuit
1533 1787 1746 1828 Charine?
1775 1786 1843 1828 On.

1420 1863 1515 1914 [Ah‚
1547 1863 1784 1912 Pamphile.

289 1939 557 1990 „Artificiose
582 1950 812 1988 personam
839 1940 1053 1988 expressit
1079 1939 1304 1978 Terentius
1325 1939 1497 1988 nuptias
1513 1939 1785 1978 recusantem
1801 1938 1846 1978 et

285 2016 415 2054 simul
447 2015 488 2054 τὸ
519 2014 670 2067 πρέπον
701 2015 857 2064 virgini
888 2015 1121 2054 servavit.'’

345 2091 398 2140 II,
438 2092 472 2140 1,
509 2092 577 2130 27.
611 2091 796 2139 Roganti
829 2090 1010 2129 Charino
1046 2090 1246 2139 „obsecro
1278 2100 1331 2128 ne
1358 2090 1488 2128 ducas
1514 2089 1844 2128 Philumenam”

286 2167 515 2214 respondet
566 2165 839 2214 Pamphilus:
891 2166 1023 2214 „dabo
1071 2165 1267 2213 equidem
1314 2165 1530 2214 operam.''
1577 2164 1844 2203 Annotatur:

290 2251 415 2291 „cum
461 2240 808 2289 pronuntiatione
853 2241 1082 2288 legendum
1129 2241 1207 2279 est4
1255 2239 1356 2278 Plus
1403 2239 1518 2278 enim
1559 2238 1669 2278 dixit
1709 2239 1845 2278 dabo

287 2327 510 2365 operam
541 2326 672 2364 quam
703 2316 741 2355 si
773 2316 932 2355 diceret
962 2326 1066 2355 non
1107 2316 1342 2354 ducam.”

347 2393 399 2442 II,
438 2393 473 2442 1,
510 2393 578 2431 29.
611 2392 753 2430 Audi
783 2402 926 2431 nunc
957 2392 1077 2430 iam.
1110 2391 1323 2439 Pamphili
1354 2391 1460 2429 haec
1490 2391 1621 2429 verba
1651 2390 1764 2439 sunt,
1793 2389 1846 2428 ad

288 2478 397 2517 quae
454 2469 706 2506 annotatur:
769 2468 1002 2517 „correptio
1059 2467 1337 2516 impatientiS,
1386 2467 1457 2514 qui
1502 2476 1587 2505 non
1633 2465 1846 2504 sustineat

288 2543 475 2582 audire.’'
499 2539 524 2588 1)

347 2618 400 2667 ΙΙ,
438 2619 473 2667 1,
508 2618 577 2657 32.

405 2693 480 2732 Ρα.
513 2693 694 2742 Nuptias
727 2693 913 2741 effugere
945 2703 1021 2741 ego
1053 2692 1160 2731 istas
1192 2692 1307 2730 malo
1339 2702 1469 2739 quam
1499 2692 1548 2730 tu
1578 2690 1814 2739 adipiscier.

289 2770 383 2808 Sch.
421 2768 700 2818 „interposita
731 2768 1004 2807 distinctione
1035 2767 1230 2806 voltuose
1261 2767 1342 2805 hoc
1372 2766 1516 2805 dicit.”

325 2889 347 2922 ¹)
377 2887 486 2916 Verba
515 2887 554 2916 de
583 2886 749 2923 exsilio,
777 2893 860 2920 quae
883 2885 1057 2922 adduntur,
1075 2892 1093 2914 e
1110 2884 1318 2920 praecedenti
1337 2883 1461 2912 scholio
1479 2882 1688 2918 ineptissime
1705 2879 1846 2916 repetita

287 2940 451 2969 videntur.
482 2962 490 2969 ,
