2002 3464
925 398 1010 437 225

177 523 388 573 sapientis
433 522 549 562 dicit.
596 521 674 561 Est
714 522 831 561 enim
872 522 1025 571 plenus
1066 522 1304 571 sapientiae
1346 524 1390 562 et
1431 534 1580 563 secum
1622 524 1752 564 habet

176 599 523 649 promptuarium
548 598 865 639 sententiarum
887 599 939 637 de
955 599 1148 638 moribus
1166 600 1378 648 corruptis
1395 601 1439 638 et
1456 601 1750 641 emendandis.

175 675 284 715 Vide
315 676 444 715 modo
474 685 539 714 vs.
573 675 629 714 60
661 684 738 724 sq„
772 675 845 713 ubi
875 675 938 714 ita
968 675 1158 723 loquitur
1188 674 1390 714 libertus:

831 751 926 790 Non
957 750 1125 801 iniuria,
1160 761 1264 790 nam
1296 751 1338 790 id
1370 751 1553 791 arbitror

354 828 560 878 Apprime
592 827 637 866 in
670 827 760 866 vita
792 837 888 866 esse
919 826 1026 866 utile
1056 828 1106 865 ut
1137 827 1293 875 nequid
1325 827 1458 866 nimis

176 905 221 943 et
277 903 532 957 Scholiasta
574 903 901 943 annotationem
947 903 1068 952 ponit
1115 905 1346 952 cognatam
1392 904 1520 943 modo
1568 905 1754 944 citatae:

178 979 512 1030 „intempestive
544 980 668 1019 Sosia
698 980 930 1030 respondit,
964 980 1039 1019 sed
1071 980 1298 1028 prudentia
1329 981 1479 1019 tamen
1510 981 1752 1020 sententiae

175 1056 475 1106 compensavit
505 1056 926 1105 importunitatem.”

234 1131 346 1172 Tum
377 1133 440 1172 sic
470 1143 607 1172 senex
638 1132 778 1181 pergit
810 1134 888 1178 (vs.
923 1132 1137 1178 62—66):

355 1209 424 1249 Sic
455 1210 548 1249 vita
579 1212 694 1248 erat:
727 1209 853 1248 facile
885 1219 1038 1248 omnes
1068 1209 1256 1258 perferre
1290 1219 1340 1248 ac
1370 1209 1483 1258 pati:

353 1284 463 1325 Cum
494 1285 649 1334 quibus
681 1286 774 1324 erat
805 1295 1022 1333 quomque
1054 1295 1152 1334 una,
1188 1285 1251 1323 eis
1284 1296 1380 1324 sese
1413 1286 1589 1325 debere:

352 1361 512 1400 Eorum
543 1360 721 1408 obsequi
752 1360 920 1410 studim,
955 1360 1166 1399 advorsus
1198 1361 1375 1411 nemini,

351 1436 583 1485 Nunquam
614 1446 883 1486 praeponens
915 1446 962 1475 se
994 1436 1092 1486 illis,
1127 1437 1190 1475 ita
1219 1437 1425 1476 facillime

350 1512 450 1552 Sine
482 1512 646 1551 invidia
675 1512 850 1551 laudem
882 1511 1080 1551 invenias
1113 1513 1156 1551 et
1188 1513 1352 1552 amicos
1384 1523 1523 1562 pares.

171 1588 402 1640 Recipiunt
440 1589 571 1638 vulgo
612 1588 696 1627 viri
732 1588 845 1628 docti
876 1588 1062 1636 Bentleji
1093 1589 1491 1639 transpositionem,
1525 1591 1574 1629 ut
1606 1593 1650 1630 et
1681 1590 1751 1630 hic

172 1666 333 1715 aliquid
374 1666 516 1706 delere
556 1664 738 1714 possint.
772 1665 940 1713 Legunt
973 1675 1072 1713 ergo
1104 1666 1319 1704 studiis
1351 1666 1588 1714 obsequi
1619 1667 1749 1707 inclu-

172 1743 364 1792 duntque
411 1742 689 1782 advorsus
739 1740 949 1780 ...illis
999 1741 1082 1779 Sed
1123 1751 1202 1790 ego
1243 1742 1319 1781 illa
1359 1743 1491 1781 verba
1531 1744 1751 1783 mordicus

171 1819 350 1859 retineo.
380 1818 556 1868 Quando
583 1817 700 1857 enim
727 1817 959 1856 verbosum
986 1826 1138 1855 senem
1164 1817 1307 1866 magis
1334 1818 1457 1857 decet
1483 1819 1578 1868 ipsa
1603 1821 1748 1860 verbo-

171 1895 282 1934 sitas
317 1905 449 1943 quam
483 1894 559 1933 ubi
590 1893 794 1932 describit
824 1893 1007 1932 dilectus
1039 1903 1145 1932 suus
1176 1892 1335 1949 filiolus
1368 1904 1452 1942 qua
1483 1895 1612 1935 fuerit
1644 1897 1748 1936 olim

170 1971 363 2022 lenitate,
398 1970 642 2020 clementia,
676 1970 1042 2009 mansuetudine?

231 2048 302 2087 67.
320 2047 403 2087 Hic
434 2056 602 2096 quoque
634 2056 795 2094 coquus
827 2032 1047 2085 continere
1078 2056 1125 2085 se
1157 2056 1243 2085 non
1274 2048 1418 2095 potest
1445 2048 1548 2096 quin
1575 2049 1748 2097 sapiens

170 2123 336 2164 dictum
367 2124 560 2173 promat:

351 2199 576 2249 Sapienter
606 2198 746 2238 vitam
776 2198 989 2238 instituit:
1022 2209 1211 2248 namque
1242 2200 1324 2239 hoc
1354 2201 1550 2249 tempore

350 2275 615 2324 Obsequium
647 2274 822 2324 amicos,
856 2275 1020 2314 veritas
1052 2275 1199 2314 odium
1230 2275 1356 2324 parit.

169 2351 249 2392 Est
280 2352 410 2401 enim,
444 2351 556 2400 quod
582 2351 634 2390 de
660 2350 855 2400 sapiente
883 2361 1017 2399 coquo
1045 2352 1285 2402 exspectes,
1314 2352 1513 2391 laudator
1538 2353 1748 2402 temporis

171 2427 258 2468 acti
289 2438 337 2467 se
367 2437 512 2477 puero,
546 2427 691 2475 itaque
721 2426 854 2466 simul
885 2437 990 2466 suae
1022 2427 1217 2476 indulget
1248 2427 1487 2477 sapientiae
1520 2430 1564 2467 et
1594 2431 1747 2478 poetae

170 2505 349 2544 adiuvat
379 2503 661 2553 propositum.

228 2580 316 2620 Vix
352 2579 518 2619 audivit
559 2579 682 2619 Sosia
718 2579 823 2618 illud
854 2580 905 2618 de
937 2580 1120 2619 muliere
1151 2580 1344 2619 formosa
1374 2591 1484 2628 quae
1517 2592 1572 2620 ex
1603 2582 1746 2622 insula

170 2657 316 2696 Andro
357 2656 554 2700 Athenas
594 2655 849 2705 migraverit
890 2656 1164 2705 Simonisque
1206 2657 1265 2695 sit
1306 2657 1423 2696 facta
1465 2658 1608 2698 vicina
1644 2637 1746 2708 quin

170 2733 411 2773 exclamet:

348 2809 410 2859 Ei,
445 2818 596 2848 vereor
626 2819 680 2848 ne
711 2808 812 2857 quid
843 2809 1007 2849 Andria
1038 2810 1236 2858 apportet
1267 2809 1386 2848 mali.

168 2885 444 2934 Excogitavit
474 2894 704 2933 personam
736 2884 963 2924 Terentius
993 2886 1042 2923 ut
1072 2885 1251 2923 haberet
1277 2895 1413 2923 senex
1441 2885 1508 2924 cui
1535 2871 1743 2927 narraret.

169 2960 400 3001 Poteratne
442 2960 693 3010 lepidiorem
735 2961 982 3010 excogitare
1014 2970 1145 3008 quam
1178 2960 1248 2999 hic
1280 2962 1347 2999 est
1379 2961 1529 3011 Sosia,·
1548 2963 1621 3010 qui
1652 2965 1745 3003 tarn

1084 3033 1087 3036 “
1570 3032 1605 3060 15
