2002 3464
1040 417 1122 455 164

359 544 424 582 15.
458 553 520 591 sq.
582 542 694 581 Nam
725 542 835 590 quod
867 541 940 580 isti
972 541 1118 580 dicunt
1148 540 1361 589 malevoli,
1396 540 1596 579 homines
1622 540 1786 580 nobiles

587 618 695 656 Eum
728 617 919 656 adiutare
952 616 1205 663 assidueque
1236 625 1322 655 una
1352 615 1548 654 scribere.

296 694 652 740 Assidueque
698 702 803 731 una
849 691 1125 737 scribere]
1180 701 1289 740 „non
1331 691 1393 730 sic
1436 691 1538 729 dicit
1570 690 1852 740 adversarius,

296 770 370 807 sed
403 769 472 806 hic
505 767 689 806 oratorie
722 767 885 805 crimen
916 776 1002 805 non
1033 748 1214 814 tangit.⁵’
1249 766 1403 804 Mirum
1435 766 1515 804 hoc
1547 765 1733 804 officium
1765 776 1853 805 ora-

297 844 403 882 toris
436 843 598 882 crimen
631 843 682 881 ab
715 842 959 881 adversario
986 841 1200 890 prolatum
1232 850 1336 879 non
1367 842 1613 889 tangere.
1646 841 1732 879 Res
1763 841 1856 890 ipsa

297 919 485 957 declarat
511 918 610 966 quid
637 918 694 956 sit
720 918 961 966 legendum.
990 917 1156 955 Revera
1182 916 1369 955 Terentii
1396 916 1629 955 adversarii
1655 916 1857 956 dixerunt

298 994 582 1032 interdum
627 994 696 1032 vel
738 1004 903 1041 saepe
936 1003 1035 1031 eum
1068 1003 1093 1031 a
1123 992 1335 1031 nobilibus
1369 992 1576 1041 adiutum,
1610 1000 1695 1030 non
1726 1001 1855 1041 sem-¹

297 1080 390 1118 per
430 1069 499 1107 vel
531 1069 773 1107 assidue.
807 1068 1031 1107 Terentius
1064 1068 1222 1117 autem,
1257 1078 1338 1115 quo
1371 1067 1526 1106 melius
1559 1067 1661 1106 illud
1694 1067 1856 1106 crimen

295 1145 474 1192 refellat,
524 1145 565 1183 id
610 1145 714 1183 facit
760 1145 869 1192 quod
917 1145 1107 1182 oratores
1153 1143 1304 1192 solent,
1348 1144 1396 1182 ut
1438 1144 1687 1191 augendo
1729 1143 1855 1190 atque

298 1221 692 1268 exaggerando
744 1220 861 1268 prius
908 1220 1056 1258 reddat
1102 1201 1342 1257 ridiculum.
1391 1218 1472 1257 Pro
1518 1228 1622 1257 non
1668 1217 1857 1266 tangit

298 1297 444 1334 autem
492 1295 614 1333 extat
662 1294 780 1333 varia
825 1294 950 1332 lectio
1001 1293 1291 1342 impingit,
1341 1293 1384 1331 in
1426 1303 1507 1341 quo
1539 1293 1646 1331 latet
1676 1291 1856 1331 verbum

298 1370 573 1419 aptissimum
606 1370 658 1408 ad
690 1368 1018 1418 significandum
1050 1369 1091 1407 id
1124 1369 1233 1416 quod
1267 1368 1483 1407 dicebam:
1517 1367 1781 1407 intendit.

359 1446 426 1485 23.
460 1456 522 1493 sq.
617 1445 748 1483 Senes
780 1445 851 1493 qui
883 1445 1010 1493 primi
1042 1444 1228 1493 venient,
1263 1444 1292 1481 ii
1322 1445 1491 1492 partem
1523 1443 1735 1492 aperient:

619 1520 668 1558 In
700 1521 861 1568 agendo
893 1521 1060 1568 partem
1093 1519 1332 1557 ostendent.

358 1596 422 1635 Ad
454 1595 584 1634 verba
615 1595 668 1633 in
701 1595 910 1643 agendo
942 1596 1160 1642 partem
1192 1594 1496 1632 ostendent
1528 1595 1757 1632 annotatur
1786 1594 1856 1633 hic

300 1681 394 1709 esse
442 1669 728 1720 ἀποσιώπησιν,
774 1680 882 1717 quae
930 1669 1151 1708 annotatio
1199 1669 1290 1718 hoc,
1334 1670 1383 1707 ut
1425 1668 1584 1718 opinor,
1627 1669 1709 1707 eibi
1738 1669 1854 1708 vult:

299 1747 415 1785 verbi
473 1745 777 1784 ostendent
824 1745 1035 1782 omissum
1083 1754 1178 1782 esse
1225 1738 1467 1782 subiectum
1513 1743 1694 1783 iidem.
1743 1743 1856 1793 Quae

299 1823 557 1870 sequuntur:
595 1820 690 1870 „hic
722 1821 836 1858 enim
874 1820 962 1859 iam
998 1830 1083 1858 non
1120 1829 1246 1858 senes
1283 1819 1515 1868 accipiendi
1551 1820 1697 1858 essent
1722 1819 1856 1858 immo

298 1898 439 1946 potius
473 1898 639 1935 ceterae
671 1896 905 1944 personae’'
939 1905 1051 1934 nunc
1083 1895 1145 1933 sic
1177 1895 1422 1943 accipienda
1453 1896 1554 1933 sunt
1584 1896 1633 1933 ut
1664 1896 1858 1934 essent

301 1973 379 2011 sit:
429 1971 684 2019 alioquin
733 1971 830 2017 (nisi
870 1980 945 2020 per
986 1968 1260 2020 ἀποσιώπησιν
1291 1970 1433 2009 locum
1464 1970 1856 2018 interpretaremur)

303 2049 507 2086 essent.
541 2047 662 2087 Nunc
694 2049 790 2095 apte
822 2047 928 2085 haec
960 2046 1193 2084 adduntur:
1231 2045 1331 2094 „sed
1359 2045 1440 2093 ipsi
1466 2055 1591 2084 senes
1618 2045 1662 2084 in
1678 2045 1856 2084 statario

303 2124 547 2162 charactere
578 2125 745 2172 partem
779 2122 981 2170 aperient,
1016 2121 1059 2158 in
1090 2120 1273 2159 motorio
1304 2121 1472 2168 partem
1504 2121 1772 2159 ostendent.’'

364 2273 395 2311 Ι.
432 2274 467 2322 1,
505 2274 540 2312 1.
576 2273 802 2317 Storax]
841 2270 1042 2320 „nomina
1071 2279 1350 2318 personarum
1382 2269 1425 2307 in
1457 2269 1676 2308 comoedia
1701 2269 1856 2309 habere

304 2349 459 2387 debent
489 2348 701 2386 rationem
734 2348 777 2385 et
808 2346 1127 2394 etymologiam.
1160 2344 1331 2383 Etenim
1363 2344 1595 2383 absurdum
1622 2346 1700 2395 est,
1729 2346 1855 2385 comi-

306 2434 403 2462 cum
446 2424 590 2471 aperte
623 2423 876 2470 argumenta
908 2419 1158 2469 confingere,
1191 2419 1260 2457 vel
1291 2430 1449 2458 nomen
1479 2430 1685 2468 personae
1716 2421 1855 2460 incon-

304 2509 459 2547 gruum
501 2499 612 2547 dare,
655 2498 724 2536 vel
766 2497 952 2535 officium
993 2496 1102 2544 quod
1134 2495 1191 2533 sit
1222 2504 1247 2533 a
1277 2495 1450 2533 nomine
1482 2495 1743 2534 diversum.”
1775 2496 1856 2534 Pro

306 2574 635 2622 confingere
704 2573 932 2621 legendum
992 2571 1161 2610 videtur
1222 2570 1666 2618 confingentem:
1731 2581 1854 2620 „cum

306 2649 481 2687 dubium
522 2659 607 2686 non
648 2648 705 2686 sit
747 2648 848 2695 quin
890 2646 1078 2685 comicus
1119 2644 1209 2693 ipse
1246 2655 1323 2683 suo
1365 2644 1572 2684 arbitratu
1603 2647 1857 2694 argumenta

306 2724 531 2773 confingat,
575 2723 807 2762 absurdum
848 2723 906 2761 sit
946 2732 1046 2760 eum
1076 2720 1269 2769 personis
1301 2721 1400 2759 dare
1431 2721 1607 2760 nomina
1637 2721 1855 2769 officiaque

304 2801 415 2838 inter
447 2809 493 2837 se
525 2798 775 2837 certantia.’'

302 2906 311 2909 ,.
366 2875 585 2923 Sequitur:
623 2873 741 2923 „Nisi
771 2883 846 2921 per
877 2870 1111 2923 ἀντίφρασιν
1138 2881 1295 2910 nomen
1322 2871 1574 2920 imposuerit
1599 2871 1852 2922 ioculariter,

306 2953 353 2989 ut
395 2951 434 2988 M
447 2949 815 2998 ysargyrides
856 2949 899 2986 in
940 2948 1090 2986 Plauto
1132 2947 1284 2985 dicitur
1321 2948 1541 2995 trapezita.
1574 2947 1627 2986 Et
1657 2947 1744 2986 fere
1775 2948 1854 2988 hoc
