2002 3464
942 367 1022 406 107

193 494 383 545 corporis
399 493 567 534 offensu
582 503 765 543 puerum
782 494 972 533 sensisse
990 493 1243 533 latentem.''
1262 487 1288 539 ¹)
1302 493 1570 542 Agnoscisne
1582 492 1767 531 eundem

192 570 266 620 qui
290 570 660 610 narratiunculam
687 570 738 609 de
765 570 968 610 Ambivio
995 570 1111 610 ebrio
1137 569 1320 610 fideliter
1346 568 1469 608 nobis
1495 568 1773 608 servaverit?

251 646 372 687 Adel.
421 647 520 687 585.
570 646 705 695 Syrus
751 656 905 685 servus
956 646 1167 686 Demeam
1219 656 1370 685 senem
1422 646 1595 685 tristem
1638 646 1767 692 atque

191 733 395 763 severum
421 715 604 772 ablegat,
633 732 687 761 ne
714 721 853 761 filium
880 723 1172 772 deprehendat
1197 722 1323 771 genio
1350 722 1660 770 indulgentem.
1686 721 1767 759 Sed

119 815 123 818 ·
191 798 293 848 quia
322 798 485 838 Demea
515 798 842 847 inexspectatus
875 799 1062 849 advenit,
1097 799 1239 838 subito
1267 798 1427 846 aliquid
1453 797 1614 846 fingere
1642 797 1768 836 debet

191 885 274 924 quo
320 885 421 915 eum
467 874 673 914 dimittat.
717 874 911 923 Rogatus
953 885 1053 923 ergo
1094 874 1167 913 ubi
1199 874 1322 913 Micio
1354 874 1488 914 frater
1520 873 1590 923 sit,
1623 873 1767 912 locum

190 951 380 1000 aliquem
395 950 500 990 dicit
516 950 570 989 ad
586 950 895 990 inveniendum
908 950 1211 990 difficillimum
1222 962 1230 999 ;
1245 961 1328 999 quo
1340 950 1444 989 dum
1457 949 1539 989 iter
1550 950 1768 989 monstrat

189 1027 282 1078 ipse
308 1027 352 1066 111
379 1037 569 1067 errorem
596 1027 836 1066 inducitur:
866 1027 984 1066 iubet
1006 1027 1123 1066 enim
1140 1037 1291 1067 senem
1308 1038 1383 1076 per
1400 1026 1676 1076 angiportum
1694 1026 1765 1065 ali-

189 1103 300 1153 quod
326 1103 561 1153 ambulare,
591 1104 703 1151 quod
731 1103 802 1143 ille
825 1104 1024 1152 pervium
1041 1114 1127 1143 non
1145 1114 1241 1143 esse
1258 1104 1353 1143 scit,
1373 1104 1472 1143 Mox
1489 1105 1639 1143 tamen
1656 1114 1765 1142 erro-

187 1189 283 1220 rem
309 1180 495 1230 corrigit,
525 1190 608 1229 quo
625 1180 903 1219 mendacium
919 1182 1198 1230 properanter
1214 1180 1366 1220 fictum
1383 1191 1518 1230 paene
1536 1181 1751 1229 deprehen

184 1267 287 1309 >sum
302 1256 457 1296 fuerat.
477 1256 545 1296 Sic
562 1257 715 1296 multis
731 1257 987 1306 ambagibus
1005 1267 1054 1296 eo
1070 1257 1268 1306 pervenit
1284 1258 1333 1295 ut
1351 1257 1394 1295 in
1405 1257 1568 1296 fabrica
1579 1257 1767 1305 quadam

187 1332 416 1374 Micionem
443 1343 539 1373 esse
566 1333 693 1373 dicat.
723 1334 865 1382 Atque
887 1334 1065 1382 rogatus
1083 1333 1183 1382 quid
1201 1333 1259 1372 ibi
1276 1333 1408 1372 faciat
1424 1334 1495 1372 ille
1512 1334 1764 1382 respondet:

366 1410 567 1450 Lectulos
599 1411 643 1449 in
675 1410 765 1450 sole
798 1410 942 1460 ilignis
974 1411 1154 1460 pedibus
1184 1411 1409 1450 faciundos
1442 1410 1570 1449 dedit.

186 1487 382 1527 Annotat
429 1486 693 1527 Scholiasta:
747 1487 822 1536 „In
868 1487 974 1526 urbe
1017 1487 1266 1526 convivium
1309 1488 1384 1525 aut
1417 1486 1460 1525 in
1492 1486 1583 1525 sole
1615 1487 1691 1525 aut
1722 1487 1766 1525 in

170 1562 342 1618 *umbra
385 1574 462 1614 pro
509 1563 752 1604 conditione
798 1564 1009 1613 temporis
1051 1563 1358 1603 instruebatur.
1406 1563 1598 1612 Repente
1635 1563 1767 1612 igitur

186 1639 490 1690 interrogatus,
550 1641 662 1689 quod
718 1640 901 1679 minime
949 1640 1205 1689 opinabatur
1252 1640 1551 1688 quaesiturum
1599 1650 1763 1690 senem,

186 1715 368 1766 arripuit
397 1716 551 1756 statim
582 1717 846 1756 lectulos.
880 1717 934 1755 Et
965 1717 1066 1765 quia
1096 1716 1238 1765 potuit
1268 1727 1405 1755 senex
1437 1717 1599 1755 dicere:
1634 1717 1764 1755 Men-

185 1792 344 1843 tiris,
378 1803 501 1832 nam
533 1793 703 1833 habet
734 1793 1006 1843 lectulos,
1041 1793 1204 1832 addidit
1236 1804 1292 1833 ex
1323 1795 1518 1843 tempore
1546 1793 1599 1832 in
1632 1794 1764 1844 sole.

186 1869 240 1910 Et
280 1880 348 1929 ne*
376 1879 450 1910 eos
485 1880 653 1919 quoque
689 1870 847 1910 habere
880 1870 1052 1920 diceret,
1087 1848 1250 1909 addidit
1282 1870 1485 1919 ilignis
1527 1870 1765 1919 pedibus

185 1946 496 1986 faciendos,
542 1946 623 1986 Sed
655 1947 737 1986 hoc
767 1948 894 1996 gestu
926 1947 1086 1986 actoris
1118 1946 1315 1985 adiutum
1348 1948 1427 1996 est,
1463 1946 1585 1995 quasi
1614 1947 1765 1986 eodem

185 2025 382 2073 tempore
412 2033 567 2063 servus
599 2024 643 2063 et
674 2025 854 2072 quaerat
885 2024 986 2072 quid
1015 2024 1129 2063 dicat
1156 2025 1200 2063 et
1226 2024 1526 2072 respondeat.”
1555 2023 1765 2062 Videmus

185 2109 312 2150 nunc,
359 2100 410 2141 ut
455 2099 615 2150 opinor,
664 2101 969 2150 veteratorem,
1014 2110 1144 2148 quem
1187 2100 1282 2149 ipsa
1323 2100 1467 2148 inopia
1500 2086 1629 2148 atque
1662 2100 1763 2139 diffl-

186 2175 326 2216 cultas
356 2175 484 2216 solito
516 2176 748 2216 reddiderit
780 2176 1045 2216 callidiorem
1077 2176 1501 2224 insolentioremque.
1551 2216 1554 2218 .

244 2252 324 2293 Ad.
373 2253 472 2292 795.
530 2251 693 2292 Demea
749 2253 927 2292 tandem
975 2253 1203 2301 aliquando
1252 2253 1454 2302 cognovit
1500 2254 1764 2302 quantopere

184 2328 367 2368 ludibrio
407 2328 538 2368 fuerit
584 2329 758 2368 habitus
806 2330 849 2368 et
886 2339 1017 2378 quam
1060 2330 1144 2368 diu.
1188 2329 1283 2368 Non
1315 2330 1432 2368 enim
1465 2329 1589 2369 illum
1621 2329 1764 2369 solum

185 2403 337 2455 filium,
386 2415 516 2454 quem
563 2406 857 2455 adoptandum
900 2406 1065 2445 dederit
1096 2404 1232 2455 fratri,
1268 2406 1405 2445 nimia
1436 2406 1552 2445 illius
1585 2406 1764 2445 levitate

185 2482 448 2531 corruptum,
496 2481 585 2520 sed,
619 2492 719 2521 eum
766 2492 947 2532 quoque,
997 2493 1127 2531 quem
1175 2483 1266 2531 ipse
1309 2483 1488 2531 antiqua
1529 2482 1763 2522 severitate

185 2556 444 2607 educaverit,
479 2557 707 2607 abreptum
739 2559 792 2598 ad
824 2559 1101 2609 pravitatem,
1138 2560 1240 2607 quin
1273 2559 1407 2598 etiam
1436 2559 1552 2598 illius
1580 2570 1712 2599 causa
1729 2570 1764 2598 a

184 2633 338 2672 lenone
384 2643 459 2682 per
504 2633 596 2673 vim
643 2634 874 2674 abductam
922 2634 1125 2684 puellam,
1175 2636 1347 2684 propter
1389 2645 1520 2684 quam
1564 2635 1669 2674 olim
1701 2636 1763 2674 illi

185 2709 326 2749 exorti
367 2710 456 2749 sint
496 2711 733 2751 tumultus.'
764 2712 1013 2762 Prorumpit
1045 2723 1100 2751 ex
1132 2713 1309 2752 aedibus
1341 2713 1500 2762 fratris,
1534 2713 1607 2751 ubi
1639 2713 1763 2751 illum

185 2795 285 2825 cum
332 2786 474 2826 amica
521 2787 770 2836 epulantem
817 2789 945 2828 modo
987 2789 1289 2838 deprehendit3
1333 2789 1436 2828 deos
1478 2769 1765 2837 hominesque

220 2963 243 3001 ¹)
263 2963 479 2994 Latentem
505 2971 548 2994 an
576 2963 806 2994 iacentem?
