2002 3464
981 404 1062 443 118

239 532 490 570 annotatur:
542 530 661 579 „Non
707 529 817 568 dixit
858 529 967 577 quod
1008 529 1101 578 scit,
1145 529 1219 567 sed
1252 529 1361 576 quod
1393 539 1544 567 verum
1576 529 1709 577 putet.
1742 528 1796 568 Et

241 607 307 645 est
339 605 462 657 δόγμα
490 601 777 655 Ἐπικούρειον,
809 605 919 652 quod
951 614 976 642 a
1003 604 1156 642 ceteris
1182 604 1445 652 philosophis
1471 603 1718 652 repudiatur
1744 604 1795 644 de

240 681 326 720 otio
357 681 533 720 deorum
561 690 610 719 ac
640 680 815 728 perenni
847 679 1108 728 voluptate.”

298 757 420 815 Adel.⁴
466 757 496 805 Ι,
539 756 575 806 1,
615 756 694 794 44:
746 755 851 805 „Qui
898 765 1026 794 suum
1073 754 1258 794 officium
1303 756 1433 794 facit'’
1481 756 1543 794 sic
1588 754 1793 794 vertitur:

240 830 284 883 „6
316 831 358 871 τὸ
390 835 573 882 καθῆκον
605 827 762 870 ποιῶ-ν.”

298 909 363 948 Ad
409 908 529 948 Adel.
573 908 647 957 ΙΙΙ,
687 908 725 957 3,
760 908 814 946 32
848 907 1028 946 refertur
1059 907 1246 946 narratio
1278 907 1328 945 de
1360 907 1536 945 Thalete
1568 908 1611 945 et
1642 905 1797 945 ancilla

240 983 436 1032 Thressa,
470 993 578 1031 quae
610 984 677 1022 est
707 983 751 1021 in
782 982 974 1022 Platonis
1005 982 1250 1021 Theaeteto.

299 1060 470 1098 Phorm.
514 1060 545 1108 Ι,
592 1060 629 1108 2,
674 1060 722 1097 6;
767 1059 831 1098 Ad
873 1059 1003 1097 verba
1040 1059 1237 1097 Nescis
1269 1069 1369 1106 quo
1402 1059 1455 1096 in
1486 1060 1636 1097 metu
1668 1067 1794 1096 anno-

239 1137 377 1174 tatur:
431 1135 573 1184 „Duae
619 1136 989 1184 perturbationum
1031 1135 1165 1184 bigae,
1210 1145 1235 1173 a
1276 1135 1390 1174 malo
1422 1145 1519 1184 una,
1554 1145 1608 1173 ex
1640 1133 1795 1183 cupitis

239 1212 386 1250 altera.
424 1211 533 1260 Ergo
566 1222 591 1250 a
621 1212 754 1250 mali
785 1211 894 1260 bigis
926 1211 1164 1259 praesentis
1195 1211 1401 1259 temporis
1432 1211 1668 1259 periculum
1700 1220 1795 1249 esse

239 1287 422 1325 dicimus
449 1288 492 1325 et
507 1287 640 1325 futuri
656 1287 866 1325 metum.’'
886 1287 1090 1334 Sumptae
1107 1287 1187 1325 hae
1203 1286 1325 1335 bigae
1343 1297 1364 1324 e
1382 1286 1572 1342 Platonis
1589 1286 1793 1324 Phaedro.

239 1363 537 1411 Philosophica
569 1373 680 1412 ergo,
715 1373 822 1410 quae
853 1362 897 1401 in
929 1362 1103 1401 scholiis
1134 1363 1344 1412 leguntur,
1379 1363 1523 1401 omnia
1555 1363 1656 1401 sunt
1687 1362 1794 1400 eius·

239 1439 337 1477 dem
368 1439 536 1487 generis
569 1440 611 1478 et
642 1440 814 1477 tantum
844 1449 929 1478 non
961 1438 1107 1477 omnia
1138 1449 1193 1477 ex
1224 1439 1372 1477 eodem
1404 1439 1520 1478 fonte
1552 1439 1719 1478 hausta.

298 1678 511 1716 Haeccine
538 1688 636 1726 ergo
663 1680 755 1717 tam
782 1679 952 1717 diversa
978 1679 1029 1717 ab
1051 1689 1135 1718 uno
1151 1678 1317 1718 Donato
1334 1679 1523 1727 profecta
1539 1680 1795 1719 credamus?

239 1754 445 1802 Equidem
487 1764 616 1801 nego;
655 1754 730 1792 sed
762 1754 965 1802 quoniam
997 1764 1096 1793 cum
1126 1754 1232 1792 viris
1264 1754 1400 1793 doctis
1431 1754 1654 1803 digladiari
1683 1755 1793 1804 nolo,

238 1830 513 1878 pertinaciter
559 1829 872 1868 affirmantibus
919 1830 1147 1868 concedere
1194 1840 1293 1869 sum
1333 1831 1521 1879 paratus,
1565 1830 1795 1870 dummodo

240 1906 347 1944 mihi
380 1906 613 1944 concedant
644 1906 718 1955 illi,
753 1906 790 1944 si
821 1907 914 1944 tam
946 1906 1090 1944 variae
1122 1906 1219 1944 illae
1252 1906 1550 1945 annotationes
1582 1906 1635 1945 ad
1660 1916 1795 1945 unum

239 1983 458 2021 auctorem
500 1982 587 2020 sint
619 1982 877 2031 referendae,
911 1982 1035 2020 illum
1068 1982 1118 2020 de
1150 1982 1348 2021 Terentio
1379 1981 1627 2031 scripsisse:
1660 1992 1795 2022 unum

237 2060 395 2098 librum
421 2059 845 2107 praestantissimum
871 2058 1250 2108 utilissimumque,
1279 2069 1426 2108 unum,
1451 2059 1523 2107 qui
1539 2069 1565 2097 a
1579 2059 1795 2108 proposito

238 2135 362 2183 plane
395 2134 452 2172 sit
479 2133 656 2183 alienus,
685 2135 903 2182 postremo
931 2135 1019 2173 tres
1037 2135 1271 2182 quatuorve
1288 2134 1437 2182 plenos
1453 2144 1665 2182 nugarum
1681 2135 1793 2184 inep-

237 2211 493 2258 tiarumque.
525 2209 715 2257 Denique
747 2210 828 2249 hoc
858 2221 1024 2259 moneo,
1060 2220 1158 2249 cum
1190 2211 1510 2249 observationes
1545 2210 1793 2259 „scenicae”

239 2286 332 2331 (hoc
369 2286 484 2325 enim
519 2286 722 2325 vocabulo
753 2286 978 2324 brevitatis
1010 2286 1079 2324 hic
1111 2295 1240 2324 causa
1272 2287 1379 2331 utor)
1413 2285 1691 2334 aequabiliter
1720 2296 1795 2335 per

236 2362 378 2400 totum
406 2371 580 2410 sparsae
607 2361 695 2399 sint
722 2362 1094 2410 commentarium,
1123 2361 1176 2399 iis
1202 2371 1310 2408 quae
1338 2371 1392 2399 ex
1419 2361 1501 2400 alio
1523 2371 1676 2409 genere
1693 2362 1795 2400 sunt

237 2447 364 2485 saepe
395 2437 557 2476 multas
590 2438 788 2486 deinceps
819 2437 998 2485 paginas
1031 2447 1185 2486 carere⁷
1214 2437 1364 2475 deinde
1391 2437 1532 2476 subito
1559 2437 1794 2476 rhetoricas

236 2512 599 2560 grammaticasve
641 2513 961 2551 observationes
1003 2511 1078 2567 ὅλῳ
1120 2519 1171 2565 τῷ
1199 2511 1363 2566 θυλάκῳ
1395 2512 1566 2551 effundi.
1601 2512 1718 2562 Quod
1749 2513 1794 2551 in

238 2587 596 2635 etymologiarum
629 2587 951 2626 enumeratione
978 2588 1047 2626 hic
1073 2587 1159 2626 illic
1185 2588 1306 2635 signo
1338 2584 1344 2643 {
1376 2586 1627 2636 significavi.
1657 2587 1793 2626 Simul

237 2665 324 2704 illic
365 2676 473 2713 quae
515 2667 661 2704 essent
697 2666 1031 2705 absurdissimae
1073 2666 1288 2704 inclinatis
1326 2666 1462 2704 literis
1494 2666 1792 2704 describendas

237 2741 395 2779 curavi.
424 2741 564 2788 Atque
592 2741 864 2790 etymologiis
892 2741 1032 2780 addidi
1058 2741 1232 2779 insanas
1259 2742 1468 2788 quasdam
1485 2741 1791 2790 explicationes

236 2827 344 2868 quae
376 2816 557 2855 eandem
588 2817 750 2864 spirare
782 2817 968 2855 indolem
999 2816 1256 2854 viderentur.
