2002 3464
911 363 995 402 125

155 491 288 540 etiam
321 492 389 531 est
419 490 635 531 codicibus
661 489 958 529 addicentibus
984 490 1033 528 ut
1059 489 1167 528 haec
1194 487 1440 528 coniectura
1465 486 1728 536 recipiatur?

213 567 345 608 Hisce
375 567 508 617 igitur
537 557 751 615 exe'mplis
782 576 889 605 usus
921 567 963 605 et
996 565 1088 614 ipse
1115 564 1276 613 aliquid
1304 574 1437 602 ausus
1464 573 1576 613 sum,
1606 563 1725 602 scho-

152 643 308 694 liisque
354 642 635 683 emendandis
682 652 858 691 operam
905 641 1014 681 dedi.
1062 642 1204 690 Atque
1247 640 1477 680 conamina
1517 650 1618 679 mea
1659 639 1730 678 hic

151 730 401 770 proponam,
449 719 524 759 sed
570 719 658 758 iam
701 729 814 758 nunc
856 718 1063 757 lectorem
1094 727 1251 757 moneo
1283 717 1391 756 nihil
1424 727 1449 755 a
1479 726 1550 755 me
1582 726 1728 765 propo-

152 796 289 836 situm
333 796 388 836 iri
428 795 539 844 quod
580 794 687 833 mihi
731 794 813 843 ipsi
844 793 1249 843 praestantissimis,
1285 803 1392 841 quas
1422 792 1550 832 modo
1583 791 1727 842 citavi,

151 870 443 912 westerhovii
484 869 859 910 emendationibus
900 880 978 919 par
1014 871 1143 918 atque
1176 869 1319 908 simile
1351 869 1572 908 videatur:
1607 868 1731 908 abest

151 958 407 998 semperque
447 947 573 998 absit,
617 957 778 997 precor,
813 957 839 986 a
869 957 941 985 me
974 946 1187 985 eiusmodi
1220 945 1478 995 arrogantia.
1512 945 1628 984 Nihil
1660 944 1731 983 hic

152 1023 258 1066 certi
293 1023 503 1074 invenies,
537 1023 645 1063 nihil
677 1023 788 1072 quod
820 1033 907 1062 non
939 1022 1077 1062 cuivis
1110 1023 1153 1060 in
1180 1023 1375 1061 mentem
1402 1022 1550 1061 venire
1577 1020 1727 1070 possit.

151 1091 288 1151 Saepe
331 1111 387 1140 ne
432 1099 726 1140 coniecturam
773 1098 947 1148 quidem
989 1109 1238 1148 proponam,
1284 1099 1359 1137 sed
1402 1099 1477 1137 aut
1509 1098 1609 1146 quid
1641 1097 1729 1136 fere

149 1177 394 1227 requiratur
438 1177 737 1216 demonstrare
784 1176 969 1215 conabor
1015 1177 1092 1215 aut
1132 1175 1437 1214 tantummodo
1480 1175 1731 1223 corruptum

150 1263 248 1294 esse
277 1253 473 1293 scholion
503 1252 658 1292 dicam.
687 1252 834 1301 Neque
860 1253 1011 1291 tamen
1036 1252 1163 1301 plane
1191 1262 1367 1300 operam
1394 1261 1466 1290 me
1493 1251 1730 1299 perdidisse

150 1330 312 1380 opinor.
345 1330 459 1370 Nam
490 1329 666 1370 etiamsi
695 1339 801 1368 vera
832 1329 1015 1368 alicuius
1046 1329 1128 1368 loci
1160 1328 1289 1367 lectio
1323 1339 1378 1367 ex
1411 1327 1554 1376 aliquo
1587 1327 1730 1366 codice

151 1408 328 1447 eruatur
373 1406 443 1446 vel
482 1388 772 1455 peringeniosi
814 1405 1005 1445 hominis
1047 1404 1247 1444 acumine
1279 1404 1547 1453 restituatur,
1581 1404 1732 1443 tamen

150 1482 320 1523 nullum
367 1483 435 1522 est
480 1481 647 1521 inventi
684 1481 872 1531 pretium
905 1481 989 1520 nisi
1022 1481 1261 1530 praecessit
1291 1481 1421 1529 longa
1453 1481 1497 1519 et
1529 1481 1732 1519 accurata

143 1558 345 1602 virorum
391 1559 617 1599 doctorum
663 1558 715 1597 de
761 1567 918 1607 genere
960 1557 1057 1596 vitii
1089 1557 1225 1606 deque
1257 1556 1476 1596 sententia
1508 1567 1592 1604 qua
1624 1566 1730 1605 opus

151 1635 220 1675 est
265 1634 500 1685 disputatio
547 1634 895 1683 deliberatioque.
944 1633 1106 1673 Deinde
1153 1643 1326 1682 semper
1372 1634 1452 1672 hoc
1494 1633 1730 1672 tenendum

151 1710 318 1751 nullam
363 1710 596 1750 lectionem
642 1710 799 1750 idcirco
840 1720 992 1749 veram
1035 1720 1131 1749 esse
1174 1710 1286 1758 quod
1320 1709 1364 1748 in
1396 1709 1539 1757 aliquo
1572 1709 1728 1758 codice,

152 1786 276 1827 cuius
314 1797 477 1836 magna
517 1787 586 1826 est
626 1786 875 1836 auctoritas,
920 1786 1178 1842 inveniatur,
1223 1786 1299 1824 sed
1340 1786 1421 1824 hoc
1452 1786 1577 1825 unice
1605 1796 1729 1834 quae-

151 1862 334 1903 rendum
379 1872 489 1912 quae
534 1862 662 1902 lectio
709 1873 867 1902 sanum
913 1862 1117 1911 praebeat
1163 1866 1342 1901 sensum
1384 1872 1547 1911 suoque
1579 1863 1730 1912 aptum

151 1938 258 1978 loco.
290 1937 408 1979 Dabo
441 1939 705 1988 exemplum.
739 1939 805 1979 Ad
837 1939 941 1978 Hec.
975 1939 1045 1988 IV,
1085 1940 1119 1988 1,
1156 1940 1235 1978 57:

270 2014 383 2055 Nam
415 2025 550 2064 quum
582 2025 831 2064 compressa
863 2016 930 2054 est
962 2016 1106 2065 gnata,
1140 2015 1281 2054 forma
1312 2015 1357 2054 in
1387 2015 1578 2054 tenebris
1610 2015 1730 2055 nosci

1317 2094 1418 2138 [non
1450 2091 1571 2140 quita
1603 2094 1670 2131 est

152 2177 324 2218 semper
367 2167 480 2208 lecta
525 2168 608 2208 fuit
653 2168 761 2207 haec
808 2167 1031 2207 annotatio
1078 2178 1210 2206 sensu
1258 2178 1405 2207 cassa:
1453 2169 1544 2218 „Ab
1588 2169 1730 2208 activo

152 2254 312 2294 queo,
354 2244 580 2294 passivum
620 2244 724 2284 fecit
764 2255 956 2294 queor,
1001 2244 1225 2283 retinendo
1262 2244 1538 2293 participium
1570 2246 1731 2294 quita

153 2320 282 2359 est.''
353 2319 471 2360 Vidit
536 2321 780 2369 nescioquis
841 2331 916 2370 pro
978 2321 1282 2359 retinendo
1344 2321 1575 2370 legendum
1633 2332 1729 2360 esse

153 2397 208 2436 et
252 2396 402 2447 inde,
450 2398 579 2446 atque
626 2407 681 2436 ex
728 2396 874 2446 inepta
915 2396 1066 2436 literae
1107 2407 1132 2435 ‘r
1163 2397 1418 2446 repetitione
1449 2399 1601 2437 natam
1633 2408 1729 2437 esse

152 2471 360 2512 vitiosam
398 2472 642 2523 lectionem,
677 2482 817 2522 ‘quam
849 2483 927 2512 suo
960 2473 1096 2512 Marte
1127 2472 1329 2512 librarius
1361 2483 1515 2512 sanare
1548 2475 1729 2513 conatus

153 2550 282 2589 esset.
315 2548 636 2599 Recipiendum,
670 2550 719 2588 ut
750 2549 911 2598 opinor,
940 2549 1045 2588 illud
1073 2550 1126 2588 et
1158 2549 1306 2606 inde,
1337 2559 1422 2588 non
1450 2550 1561 2598 quod
1578 2552 1730 2599 postea

154 2635 180 2664 a
227 2625 483 2664 Sabbadinio
530 2625 575 2664 in
621 2625 763 2674 aliquo
811 2626 955 2664 codice
1002 2625 1165 2664 lectum
1212 2626 1282 2675 sit,
1332 2626 1407 2665 sed
1450 2627 1560 2674 quod
1604 2627 1728 2666 unice

153 2711 306 2740 verum
339 2702 418 2741 est.
452 2701 635 2750 Aliquod
665 2701 778 2741 felici
807 2702 984 2740 invento
1010 2702 1285 2741 momentum
1313 2702 1496 2741 adiicere
1523 2703 1728 2742 dicendus

153 2778 287 2816 esset*
312 2776 448 2816 codex
478 2776 712 2827 Leidensis‚
747 2777 818 2826 qui
851 2779 904 2816 et
935 2777 1139 2816 timida
1171 2778 1258 2816 est
1290 2777 1449 2826 quita
1481 2779 1567 2817 est
1598 2758 1748 2817 habet

153 2853 260 2892 vitio
302 2863 358 2892 ex
398 2853 550 2892 literae
589 2855 604 2892 t
643 2853 898 2902 repetitione
940 2855 1054 2902 nato,
1099 2853 1136 2892 si
1169 2853 1210 2891 id
1243 2853 1354 2901 quod
1386 2854 1430 2892 in
1462 2864 1540 2892 suo
1572 2850 1728 2902 genere

154 2930 395 2979 perfectum
438 2930 505 2968 est
546 2928 632 2968 ullo
673 2929 801 2968 modo
842 2929 1001 2968 melius
1042 2928 1134 2968 fieri
1177 2930 1336 2977 posset.
1370 2929 1489 2968 Haec
1519 2930 1613 2969 ideo
1645 2931 1726 2969 dis-
