2002 3464
949 403 1033 442 203

201 537 288 567 non
327 527 606 577 oportuerit.”
649 526 870 576 Corrupta.
915 527 1000 566 Sub
1043 528 1307 576 spectare
1339 528 1448 567 latet
1479 526 1651 575 aliquod
1682 537 1773 565 ver-

199 603 305 643 bum
361 603 473 652 quod
528 602 771 642 fallendi
824 603 916 642 vim
962 603 1132 642 habeat.
1182 603 1404 642 Eiusmodi
1453 602 1570 641 enim
1616 601 1773 651 verbis,

201 679 346 728 qualia
386 680 490 719 sunt
530 689 639 728 quae
681 679 751 718 hic
792 679 1006 730 leguntur,
1046 679 1143 719 illos
1175 679 1532 729 reprehendimus
1564 688 1590 717 a
1621 678 1776 726 quibus

200 755 431 805 deceptum
463 755 516 794 iri
549 765 628 794 nos
659 756 842 795 minime
875 757 1302 805 exspectaveramus.

261 832 331 871 81.
378 831 531 881 „Nulla
567 832 732 871 mentio
765 831 815 871 fit
845 832 995 871 uxoris
1027 832 1139 881 apud
1170 832 1499 881 Demiphonem.
1532 831 1628 870 Non
1659 830 1773 870 enim

200 907 403 948 convenit
444 909 700 957 argumento
741 910 790 948 ut
831 908 1031 948 habeat.”
1074 908 1160 949 Ain
1190 909 1325 948 vero?
1356 908 1506 948 Nonne
1538 907 1654 946 recte
1685 917 1776 955 pro-

201 984 371 1024 cederet
425 984 582 1034 fabula,
632 984 670 1022 si
718 984 762 1022 in
810 984 924 1023 vivis
972 986 1088 1024 esset
1133 984 1416 1034 Demiphonis
1462 983 1604 1023 uxor?
1651 982 1777 1029 (Nam

200 1060 400 1100 habuit
432 1061 548 1100 certe
579 1071 775 1110 uxorem,
811 1072 833 1100 e
861 1071 946 1110 qua
971 1061 1266 1110 Antiphonem
1293 1061 1563 1110 procreavit).
1591 1060 1776 1108 Lege...

200 1137 259 1176 ut
303 1137 656 1176 mentionem
704 1137 914 1176 habeat
960 1147 1038 1186 pro
1085 1138 1144 1176 ut
1190 1137 1398 1177 habeat
1445 1138 1489 1177 et
1536 1147 1562 1176 a
1607 1135 1777 1175 Demi-

200 1214 379 1263 phone
410 1225 486 1263 pro
518 1215 659 1264 apud
685 1214 1106 1263 Demiphonem.

260 1366 314 1417 11,
359 1367 398 1406 2.
447 1367 524 1417 „In
565 1367 646 1406 hac
688 1377 819 1406 scena
852 1367 903 1406 de
934 1366 1139 1416 parasitis
1170 1366 1395 1405 vilioribus
1427 1365 1655 1404 Terentius
1686 1376 1777 1414 pro-

199 1443 322 1492 ponit
363 1443 600 1493 imaginem
633 1443 764 1493 vitae,
799 1444 849 1482 ut
881 1443 925 1482 in
956 1443 1163 1482 Eunucho
1196 1443 1247 1482 de
1278 1442 1560 1492 potioribus.'’
1595 1441 1777 1491 Quanto-

202 1518 295 1559 cius
343 1519 487 1559 locum
535 1519 648 1559 inter
695 1529 743 1558 se
789 1520 963 1558 mutent
1012 1519 1321 1558 vilioribus
1368 1520 1411 1558 et
1442 1517 1778 1568 potioribus.

171 1590 314 1635 'Nam
360 1595 577 1646 Phormio,
627 1597 677 1635 ut
723 1595 954 1645 parasitus,
998 1594 1170 1634 fidelem
1212 1605 1259 1634 se
1300 1594 1477 1644 praebet
1518 1594 1684 1644 amicis,
1718 1594 1779 1633 nil

203 1681 305 1711 vero
337 1671 547 1711 abiectius
578 1682 711 1720 quam
744 1671 915 1711 Gnatho
947 1671 1019 1710 ille
1052 1672 1096 1710 in
1127 1671 1346 1710 Eunucho.

263 1747 422 1787 Statim
465 1748 682 1796 sequitur:
729 1749 798 1797 „et
836 1748 905 1786 his
936 1747 1009 1796 qui
1041 1758 1176 1796 nuper
1207 1748 1522 1796 processerunt,
1556 1746 1599 1785 id
1631 1748 1698 1786 est
1729 1747 1780 1786 de

203 1824 591 1863 assentatoribus”
639 1824 820 1873 Egregie
868 1824 929 1862 de
975 1823 1290 1862 vilioribus
1337 1824 1381 1862 et
1427 1823 1487 1861 de
1530 1824 1779 1862 assenta-

202 1900 427 1939 toribus
469 1900 582 1939 inter
623 1911 670 1940 se
713 1901 960 1949 iunguntur.
1006 1900 1223 1940 Gnathoni
1266 1900 1382 1940 enim
1420 1899 1589 1939 nullum
1621 1910 1781 1939 nomen

203 1977 348 2026 aptius
390 1978 456 2016 est
494 1988 626 2026 quam
658 1977 763 2016 illud
796 1973 1151 2027 assentator,
1186 1976 1298 2026 quod
1331 1978 1481 2016 contra
1511 1976 1556 2015 in
1587 1975 1779 2015 Phormi-

203 2062 332 2092 onem
378 2053 561 2093 minime
609 2053 824 2093 convenit.
875 2053 956 2092 Sed
998 2054 1100 2102 quid
1142 2054 1226 2093 isto
1269 2055 1323 2093 et
1364 2053 1452 2092 his
1485 2053 1576 2101 qui
1607 2062 1782 2101 nuper

202 2131 617 2179 processerunt
647 2130 806 2169 faciam
838 2140 925 2170 non
955 2130 1093 2169 video.

267 2207 333 2245 11.
376 2206 537 2245 Vereor
568 2216 622 2246 ne
654 2206 790 2246 istaec
821 2206 1028 2246 fortitudo
1060 2206 1104 2245 in
1136 2216 1321 2245 nervum
1353 2206 1554 2255 erumpat
1584 2205 1780 2253 denique.

263 2282 413 2321 Altera
443 2281 571 2322 lectio
603 2293 835 2322 nervum
864 2283 1089 2332 rumpat
1116 2281 1341 2321 exstitisse
1367 2282 1551 2320 videtur.
1579 2281 1640 2320 Ea
1667 2282 1782 2320 certe

203 2359 325 2408 parte
367 2358 521 2398 scholii
552 2359 605 2398 ad
636 2359 751 2398 hunc
781 2360 926 2399 locum
958 2359 1223 2398 illustratur:
1262 2358 1565 2408 „proverbium
1597 2368 1623 2397 a
1652 2357 1781 2406 sagit-

206 2434 331 2474 tariis
372 2435 526 2474 natum
570 2436 659 2474 est:
703 2436 814 2484 quod
857 2435 1172 2475 immoderatae
1214 2434 1468 2484 plerumque
1507 2434 1623 2473 vires
1655 2434 1781 2473 addu-

205 2511 338 2551 cendo
370 2521 472 2550 arcu
500 2522 585 2551 non
611 2512 749 2551 telum
778 2511 960 2552 incitent
987 2512 1063 2551 sed
1085 2522 1270 2551 nervum
1287 2511 1537 2560 rumpant.’'
1557 2510 1781 2559 Sequitur:

208 2598 291 2638 „an
338 2598 393 2627 ex
441 2598 490 2628 eo
531 2589 644 2637 quod
675 2599 804 2638 saepe
835 2589 992 2629 fortius
1023 2589 1230 2628 ferientes
1262 2598 1447 2627 nervum
1479 2588 1561 2627 sibi
1593 2587 1783 2636 aliquem

203 2664 428 2703 laedant?”
477 2664 592 2714 Quae
639 2666 861 2705 annotatio
903 2666 966 2705 sic
1007 2665 1238 2705 lectionem
1282 2675 1514 2703 nervum
1560 2665 1784 2712 rumpat

203 2740 416 2779 illustrat:
469 2740 624 2780 fortius
669 2742 875 2798 ferientes
921 2742 1144 2788 (absolute)
1188 2741 1300 2780 sibi
1341 2741 1520 2780 laedunt
1551 2750 1783 2779 nervum

205 2817 394 2865 aliquem
428 2817 605 2863 (brachii
635 2820 740 2867 puta
770 2821 1012 2864 manusve).
1741 2869 1744 2872 Ι

271 2894 338 2932 13.
463 2892 572 2942 Quot
605 2904 676 2932 me
709 2904 860 2933 censes
894 2894 1094 2933 homines
1127 2894 1216 2932 iam
1249 2893 1555 2932 deverberasse
1586 2902 1723 2940 usque

1496 2968 1565 3015 [ad
1596 2969 1780 3007 necem?
