2002 3464
982 367 1064 406 102

244 492 394 530 lectori
435 492 654 540 revocabo,
699 493 849 531 deinde
892 493 1130 532 cuiusmodi
1172 504 1226 532 ex
1268 504 1318 532 ea
1358 493 1514 531 vitium
1556 493 1708 531 natum
1743 491 1802 531 sit

245 568 478 616 explicabo.
522 568 719 607 Vidimus
756 569 923 617 egregie
956 569 1078 608 illurn
1109 569 1296 608 Terentii
1326 569 1597 617 vigilantiam
1627 568 1801 607 laudare

245 644 288 682 et
333 643 666 692 prudentissime
709 644 894 683 indicare
936 645 1052 684 locos
1092 644 1164 684 ubi
1194 645 1387 684 maxime
1430 655 1480 683 ea
1521 644 1698 683 eluceat.
1740 642 1802 698 De

245 717 451 767 Chryside
497 719 722 758 meretrice
769 720 944 768 eiusque
990 731 1134 759 sorore
1181 721 1380 769 adoptiva
1421 719 1615 768 Glycerio
1656 718 1803 758 narrat

246 795 363 834 Simo
404 791 550 844 senex,
594 795 669 833 sed
711 795 771 834 ita
811 797 860 834 ut
901 796 1032 834 simul
1073 806 1146 835 eas
1187 775 1393 844 quantum
1431 796 1573 844 potest
1604 794 1804 834 defendat

244 870 522 918 sublevetque
550 871 593 910 et
616 871 927 920 turpitudinem
955 882 1103 910 earum
1129 872 1309 910 minuat.
1328 871 1408 910 Illa
1424 871 1539 909 enim
1557 869 1802 919 Glycerium

166 935 170 941 ’
245 946 359 994 iusta
399 945 474 986 fiet
516 947 704 986 Simonis
745 946 821 986 filii
861 957 982 997 uxor,
1027 957 1134 995 quae
1170 958 1238 986 res
1269 957 1322 986 ne
1354 947 1484 985 nimis
1512 946 1712 1002 yideatur
1743 945 1801 984 in-

245 1022 457 1061 credibilis
489 1023 801 1071 spectatoribus
833 1023 876 1061 in
907 1024 1100 1071 tempore
1127 1023 1194 1063 est
1221 1023 1470 1061 cavendum.
1500 1021 1676 1061 Castam
1703 1032 1802 1071 ergo

245 1097 377 1136 etiam
430 1098 473 1136 in
520 1097 740 1147 Chrysidis
787 1098 962 1137 aedibus
1007 1098 1222 1137 mansisse
1269 1098 1525 1148 Glycerium,
1574 1099 1617 1137 et
1663 1097 1803 1146 ipsam

245 1171 498 1221 Chrysidem
556 1174 709 1212 ceteris
766 1184 820 1212 ex
877 1174 948 1212 illo
996 1175 1177 1222 quaestu
1222 1173 1473 1212 mulieribus
1518 1173 1800 1223 praestitisse,

245 1250 454 1296 quantum
486 1250 629 1298 potest
661 1250 947 1302 demonstrari
979 1250 1114 1288 debet.
1148 1249 1266 1288 Haec
1298 1249 1443 1294 omnia
1469 1249 1802 1298 prudentissime

245 1325 492 1363 observavit
548 1326 798 1375 Scholiasta,
847 1326 922 1364 sed
969 1326 1184 1364 interdum
1232 1325 1275 1363 in
1321 1315 1507 1364 Terentii
1554 1324 1804 1364 oeconomia

243 1400 527 1448 praedicanda
566 1402 744 1440 modum
787 1401 967 1440 excedit.
1012 1401 1190 1449 Saepius
1232 1401 1346 1439 enim
1387 1400 1606 1449 vocabula,
1650 1400 1804 1448 quibus

244 1475 399 1523 aliquis
444 1477 591 1526 utitur,
635 1476 696 1515 ita
738 1477 1043 1525 interpretatur
1083 1477 1132 1515 ut
1172 1476 1216 1515 in
1257 1476 1310 1514 iis
1351 1473 1546 1514 ὑπόνοιαν
1588 1475 1802 1523 quandam

244 1553 423 1598 quaerat
464 1552 515 1590 de
557 1562 640 1600 qua
681 1552 905 1591 Terentius
947 1562 1000 1590 ne
1042 1552 1239 1600 cogitarit
1281 1551 1465 1599 quidem.
1509 1552 1587 1600 Ita,
1629 1552 1679 1590 ut
1718 1561 1803 1590 uno

245 1627 442 1675 exemplo
484 1627 701 1677 defungar,
746 1638 830 1666 non
871 1627 994 1666 facile
1027 1627 1211 1666 adducar
1242 1628 1291 1665 ut
1322 1627 1493 1665 credam
1523 1637 1676 1665 verum
1708 1636 1804 1665 esse

244 1703 355 1751 quod
397 1703 449 1741 ad
490 1702 594 1742 Eun.
638 1713 701 1741 vs.
741 1703 824 1742 592
858 1713 920 1750 sq.
954 1703 1145 1741 annotat.
1180 1701 1369 1741 Chaerea
1399 1701 1456 1740 ibi
1489 1701 1627 1740 amico
1658 1702 1805 1740 narrat

247 1779 345 1827 quid
387 1779 498 1827 apud
539 1778 746 1817 Thaidem
787 1778 951 1817 factum
987 1779 1056 1828 sit,
1091 1779 1144 1817 ad
1176 1788 1305 1826 quam
1337 1769 1411 1827 pro
1442 1778 1645 1817 Eunucho
1675 1777 1806 1817 fuerit

247 1854 467 1893 adductus.
497 1853 723 1893 Custodiae
750 1854 808 1893 ibi
835 1855 926 1892 eius
954 1854 1195 1893 concredita
1220 1854 1302 1892 fuit
1327 1853 1480 1903 puella,
1500 1863 1630 1902 quam
1647 1853 1803 1902 deperi-

246 1931 332 1969 bat.
369 1930 591 1980 „Dumque
623 1930 784 1969 etiam”
818 1929 890 1979 ait,
926 1929 976 1968 de
1007 1928 1179 1968 fortuna
1209 1929 1318 1967 mihi
1349 1929 1492 1968 oblata
1523 1928 1684 1978 cogito:

779 2005 1011 2044 arcessitur
1041 2005 1237 2044 lavatum
1269 2005 1433 2044 interea
1463 2005 1606 2053 virgo:

362 2083 429 2132 Iit,
463 2082 582 2132 lavit,
615 2082 762 2121 rediit:
797 2081 947 2120 deinde
980 2091 1076 2120 eam
1108 2081 1152 2119 in
1182 2081 1343 2119 lectum
1375 2080 1473 2119 illae
1500 2079 1772 2119 collocarunt.

244 2158 324 2197 His
357 2168 522 2207 quoque
553 2157 774 2196 vocabulis
800 2158 1093 2205 spectatorum
1121 2156 1289 2195 animos
1317 2156 1369 2194 ad
1395 2156 1562 2194 futuras
1589 2154 1803 2195 Chaereae

244 2236 371 2283 atque
413 2235 528 2273 illius
568 2234 735 2283 puellae
777 2233 950 2282 nuptias
981 2232 1224 2281 praeparari
1257 2233 1403 2270 censet
1435 2231 1686 2271 Scholiasta.
1719 2231 1802 2270 An—

243 2312 365 2350 notat
407 2311 544 2349 enim:
583 2309 807 2359 „Servavit
848 2310 1041 2348 ordinem
1082 2309 1329 2357 nuptiarum
1372 2309 1414 2346 et
1454 2308 1622 2356 proprio
1658 2308 1800 2358 verbo,

242 2387 366 2436 quasi
407 2388 457 2425 de
498 2388 684 2435 nuptura
720 2385 851 2424 dixit:
886 2385 1216 2433 arcessitur,
1246 2386 1295 2427 ut
1326 2384 1448 2423 alibi:
1483 2384 1648 2433 Quam
1679 2395 1803 2423 mox

242 2463 523 2512 virginem
576 2462 906 2501 arcessant?
956 2455 1124 2506 Nunc¹)
1177 2461 1267 2509 ipse
1309 2460 1429 2498 illam
1472 2461 1538 2498 est
1578 2459 1802 2499 habiturus

240 2540 465 2578 uxorem.''
489 2527 567 2578 Et:
611 2538 843 2588 „Deinde
878 2548 993 2576 eam
1025 2537 1079 2575 in
1110 2537 1259 2575 lecto
1292 2536 1672 2575 collocarunt:
1704 2536 1802 2575 vide

241 2625 295 2653 an
337 2614 495 2662 aliquid
533 2614 654 2652 deest
695 2613 756 2651 ita
786 2612 992 2661 legitimis
1024 2612 1197 2660 nuptiis
1230 2612 1341 2650 Nam
1374 2613 1417 2650 et
1448 2612 1591 2660 ipsum
1622 2612 1802 2651 verbum

241 2690 598 2730 collocarunt
639 2689 857 2738 proprium
900 2689 967 2727 est
1009 2689 1052 2727 et
1083 2688 1337 2726 adscribitur
1368 2687 1612 2736 pronubis.'’
1645 2687 1800 2736 „Theo-

240 2768 427 2816 logicas''
471 2766 681 2805 eiusmodi
724 2765 1032 2814 explicationes
1074 2758 1285 2813 appellare
1328 2764 1493 2803 solebat
1523 2762 1800 2813 praestantis*

277 2932 296 2965 ι)
318 2929 350 2957 L.
369 2929 475 2958 Nam.
