2002 3464
912 378 995 416 139

165 505 257 546 An:
303 515 430 556 „cum
470 505 657 555 aliquem
698 504 861 553 laudes,
898 504 1090 554 primum
1121 503 1266 552 aliqua
1296 502 1477 542 infamia
1508 512 1609 541 eum
1641 512 1737 541 esse

164 582 494 632 purgandum?”
546 581 749 621 Mendum
795 581 974 620 subesse
1020 579 1227 629 suspicor,
1276 580 1405 627 atque
1450 589 1526 627 pro
1573 578 1737 616 laude

165 659 376 709 scriptum
417 658 551 698 fuisse
592 657 927 697 narratione
968 656 1038 696 vel
1080 655 1223 695 simile
1266 655 1448 703 aliquid:
1488 664 1588 694 cum
1620 654 1737 693 enim

164 735 341 775 tandem
393 734 620 783 aliquando
667 744 717 773 eo
763 733 961 783 pervenit
1006 733 1154 772 Davus
1199 733 1250 771 ut
1294 741 1364 770 res
1411 730 1494 770 sibi
1542 730 1738 779 cognitas

165 812 376 862 denarret,
419 811 472 850 ab
513 810 600 850 illis
641 810 746 850 facit
787 810 961 849 initium
1003 819 1112 858 quae
1149 810 1318 848 metum
1351 809 1523 847 demere
1555 807 1735 856 possint.

166 886 256 938 Quo
291 887 406 928 facto
436 888 590 937 sponte
622 887 777 936 gaudio
810 886 1045 936 implentur
1076 885 1268 935 iuvenes,
1302 885 1351 923 ut
1383 884 1465 933 ipsi
1497 883 1616 922 Davo
1650 883 1737 922 iam

164 963 273 1005 nihil
301 963 362 1004 sit
390 963 646 1004 addendum.

222 1039 406 1080 Narrare
437 1049 538 1089 ergo
569 1039 716 1079 Davus
748 1039 811 1079 sic
842 1039 993 1088 incipit
1025 1042 1103 1086 (vs.
1141 1039 1193 1078 16
1227 1041 1330 1087 sq.):

268 1108 270 1111 ’
342 1115 461 1155 Tuus
476 1116 600 1165 pater
615 1116 744 1155 modo
761 1126 833 1155 me
851 1115 1101 1164 prehendit:
1121 1114 1182 1154 ait
1198 1114 1277 1154 tibi
1294 1124 1477 1154 uxorem
1494 1114 1596 1153 dare
1613 1124 1709 1152 sese

246 1236 250 1243 .
340 1192 492 1232 Hodie.

163 1269 431 1311 Annotatur:
485 1270 567 1309 ait
612 1270 721 1309 tibi
767 1279 1000 1308 uxorem
1047 1270 1178 1308 dare
1225 1269 1365 1314 sese]
1420 1266 1739 1317 „coniecturam

162 1343 268 1387 'facit
308 1357 335 1386 a
373 1346 504 1386 malis
541 1356 650 1395 quae
682 1346 1054 1395 praecesserunt.”
1088 1345 1203 1383 Num
1235 1345 1316 1384 hoc
1346 1344 1449 1383 vult·
1473 1343 1738 1383 Scholiasta:

167 1433 346 1475 „revera
369 1433 457 1463 non
482 1423 589 1473 ipsis
617 1423 760 1463 verbis
787 1423 899 1462 dixit
924 1433 1061 1462 senex
1086 1433 1271 1462 uxorem
1298 1422 1399 1461 dare
1421 1431 1481 1471 se,
1501 1421 1577 1460 sed
1592 1419 1740 1459 Davus

163 1500 206 1540 id
250 1500 556 1540 tantummodo
599 1500 876 1540 coniectando
895 1488 902 1494 ”
919 1499 1063 1539 effecit
1104 1510 1127 1538 e
1168 1498 1302 1538 minis
1344 1509 1369 1537 a
1410 1497 1565 1547 quibus
1604 1506 1740 1535 senex

121 1569 125 1571 “
163 1586 289 1617 orsus
329 1578 398 1617 est
408 1577 457 1616 ?”
500 1576 633 1625 Atqui
671 1577 753 1616 hoc
784 1577 828 1615 et
860 1586 959 1615 cum
992 1575 1087 1624 ipsa
1117 1575 1302 1614 veritate
1335 1576 1378 1614 et
1411 1584 1510 1613 cum
1542 1572 1741 1622 sequenti

153 1651 350 1694 scholio:
402 1653 533 1703 „dicit
575 1664 650 1693 cur
690 1653 830 1703 primo
874 1652 1101 1692 crediderit
1140 1661 1280 1702 veras,
1325 1652 1519 1690 dicturus
1560 1649 1740 1688 subinde

165 1734 241 1770 cur
285 1729 449 1770 falsas”
497 1731 647 1779 aperta
692 1730 833 1769 fronte
879 1730 1055 1778 pugnat.
1105 1728 1307 1778 Suspicor
1350 1727 1741 1767 coniecturam

163 1805 309 1846 facit
349 1816 373 1845 e
413 1806 582 1845 malis
624 1807 874 1855 corruptum
916 1815 1024 1856 esse,
1069 1815 1203 1854 eoque
1239 1805 1332 1843 loco
1365 1803 1575 1852 scriptum
1606 1802 1742 1841 fuisse

165 1881 326 1932 aliquid
357 1882 403 1922 in
434 1882 546 1922 hanc
572 1882 860 1922 sententiam:
893 1881 1212 1932 „omittit‚'non
1240 1880 1555 1921 commemorat
1581 1878 1741 1917 mala.”

165 1958 327 2008 Ecquid
367 1959 648 1998 iacturam
691 1958 835 1998 facit
876 1958 1186 1998 malorum?
1217 1957 1312 1996 Non
1345 1957 1462 1996 enim
1495 1954 1742 1995 incredibile

165 2046 242 2087 pro
287 2036 571 2082 iacturam
613 2036 783 2075 dedisse
820 2035 1009 2084 aliquem
1042 2035 1188 2074 notius
1220 2034 1303 2073 sibi
1334 2033 1594 2073 vocabulum
1627 2042 1741 2071 con-

165 2113 470 2163 iecturam,
524 2122 608 2162 quo
658 2111 773 2151 facto
826 2112 961 2151 etiam
1013 2111 1289 2150 malorum
1331 2110 1593 2149 mutandum
1635 2109 1740 2148 erat.

166 2189 228 2231 Cf.
261 2190 316 2231 ad
345 2200 411 2230 vs
448 2189 515 2229 17.

344 2266 458 2306 Item
490 2266 576 2306 alia
606 2266 759 2316 multa,
794 2276 904 2315 quae
936 2275 1050 2304 nunc
1081 2275 1167 2304 non
1199 2265 1267 2303 est
1297 2263 1501 2303 narrandi
1532 2256 1666 2302 locus,

225 2343 367 2384 Item
409 2343 524 2382 alia
559 2342 753 2389 multa]
797 2342 1053 2392 „commoda
1082 2341 1273 2380 narratio
1305 2350 1331 2379 a
1362 2338 1620 2379 necessariis
1651 2340 1742 2378 tan-

165 2421 274 2460 tum.
327 2419 467 2459 Minas
514 2419 662 2458 autem
709 2418 828 2458 senis
876 2417 1299 2468 praetermisit,
1349 2426 1403 2455 ne
1448 2416 1745 2464 corrumperet

165 2496 289 2548 bona,
322 2506 433 2545 quae
463 2495 735 2546 nuntiabat.’'

225 2571 292 2612 Ad
333 2571 545 2612 vocabula
585 2582 724 2620 quae
766 2581 910 2610 nunc
947 2571 1054 2610 haec
1086 2571 1371 2610 annotantur:
1409 2569 1743 2618 „argumentum

167 2649 236 2689 est
276 2658 482 2698 quaerere
518 2648 712 2697 potuisse
744 2658 845 2687 eum
877 2647 950 2696 qui
982 2647 1041 2686 sit
1071 2647 1262 2696 territus,
1296 2656 1400 2685 nam
1432 2646 1563 2684 timor
1595 2655 1744 2683 curam

166 2724 322 2775 parit.'’
356 2724 446 2763 Aut
477 2724 678 2773 corrupta
708 2724 816 2763 haec
847 2725 950 2763 sunt
982 2724 1058 2762 aut
1089 2723 1152 2762 sic
1184 2722 1452 2771 accipienda:
1485 2731 1644 2771 „causa
1671 2731 1746 2759 cur

166 2801 283 2840 istud
325 2810 464 2849 quae
497 2810 640 2839 nunc
671 2810 777 2839 non
809 2801 896 2839 est
927 2799 1197 2839 narrandi
1229 2799 1389 2838 locus
1421 2798 1551 2837 addat
1582 2796 1745 2846 Davus,⁴

167 2876 275 2917 haec
332 2875 414 2916 est'
456 2875 568 2924 quod
620 2875 778 2924 alioqui
824 2876 949 2915 facile
996 2873 1089 2914 fieri
1136 2874 1350 2923 potuisset
1395 2874 1445 2912 ut
1490 2872 1744 2922 Pamphilus

140 2976 142 2978 ·
168 2952 352 2995 diceret:
411 2953 497 2992 ista
553 2962 720 3003 quoque
777 2952 863 2992 alia
918 2951 1060 3010 multa
1116 2961 1243 2990 narra
1299 2949 1451 2989 mihi.”
1501 2949 1580 2999 Qui
1627 2949 1744 2988 enim
