<?xml version="1.0" encoding="UTF-8"?>
<!DOCTYPE html PUBLIC "-//W3C//DTD XHTML 1.0 Transitional//EN"
    "http://www.w3.org/TR/xhtml1/DTD/xhtml1-transitional.dtd">
<html xmlns="http://www.w3.org/1999/xhtml" xml:lang="en" lang="en">
 <head>
  <title>
</title>
<meta http-equiv="Content-Type" content="text/html;charset=utf-8" />
  <meta name='ocr-system' content='tesseract 3.04.00' />
  <meta name='ocr-capabilities' content='ocr_page ocr_carea ocr_par ocr_line ocrx_word'/>
</head>
<body>
  <div class='ocr_page' id='page_1' title='image "./deterentioetdona00hartuoft_0109.png"; bbox 0 0 2002 3464; ppageno 0'>
   <div class='ocr_carea' id='block_1_1' title="bbox 914 391 968 432">
    <p class='ocr_par' dir='ltr' id='par_1_1' title="bbox 914 391 968 432">
     <span class='ocr_line' id='line_1_1' title="bbox 914 391 968 432; baseline -0.019 0"><span class='ocrx_word' id='word_1_1' title='bbox 914 391 968 432; x_wconf 86' lang='lat'>97</span> 
     </span>
    </p>
   </div>
   <div class='ocr_carea' id='block_1_2' title="bbox 155 519 1765 2788">
    <p class='ocr_par' dir='ltr' id='par_1_2' title="bbox 157 519 1732 1028">
     <span class='ocr_line' id='line_1_2' title="bbox 157 519 1730 569; baseline -0.001 -9"><span class='ocrx_word' id='word_1_2' title='bbox 157 519 288 560; x_wconf 80' lang='lat' dir='ltr'>fuerit</span> <span class='ocrx_word' id='word_1_3' title='bbox 318 519 465 560; x_wconf 85' lang='lat' dir='ltr'>animo</span> <span class='ocrx_word' id='word_1_4' title='bbox 495 520 586 559; x_wconf 89' lang='lat' dir='ltr'>iam</span> <span class='ocrx_word' id='word_1_5' title='bbox 615 519 705 558; x_wconf 90' lang='lat' dir='ltr'>iam</span> <span class='ocrx_word' id='word_1_6' title='bbox 736 519 896 568; x_wconf 87' lang='lat' dir='ltr'>placari</span> <span class='ocrx_word' id='word_1_7' title='bbox 929 529 976 558; x_wconf 90' lang='lat' dir='ltr'>se</span> <span class='ocrx_word' id='word_1_8' title='bbox 1007 519 1098 568; x_wconf 88' lang='lat' dir='ltr'>pati</span> <span class='ocrx_word' id='word_1_9' title='bbox 1123 519 1194 559; x_wconf 91' lang='lat' dir='ltr'>vel</span> <span class='ocrx_word' id='word_1_10' title='bbox 1220 520 1273 559; x_wconf 86' lang='lat' dir='ltr'>ad</span> <span class='ocrx_word' id='word_1_11' title='bbox 1300 531 1467 559; x_wconf 89' lang='lat' dir='ltr'>morem</span> <span class='ocrx_word' id='word_1_12' title='bbox 1494 520 1730 569; x_wconf 88' lang='lat' dir='ltr'>gerendum</span> 
     </span>
     <span class='ocr_line' id='line_1_3' title="bbox 158 596 1730 646; baseline -0.001 -9"><span class='ocrx_word' id='word_1_13' title='bbox 158 597 334 646; x_wconf 86' lang='lat' dir='ltr'>adduci;</span> <span class='ocrx_word' id='word_1_14' title='bbox 376 606 515 644; x_wconf 89' lang='lat' dir='ltr'>neque</span> <span class='ocrx_word' id='word_1_15' title='bbox 555 596 702 634; x_wconf 90' lang='lat' dir='ltr'>minus</span> <span class='ocrx_word' id='word_1_16' title='bbox 744 597 860 634; x_wconf 88' lang='lat' dir='ltr'>recte</span> <span class='ocrx_word' id='word_1_17' title='bbox 903 596 955 635; x_wconf 93' lang='lat' dir='ltr'>ab</span> <span class='ocrx_word' id='word_1_18' title='bbox 988 606 1038 635; x_wconf 93' lang='lat' dir='ltr'>eo</span> <span class='ocrx_word' id='word_1_19' title='bbox 1070 596 1328 636; x_wconf 78' lang='lat' dir='ltr'>adhibentur</span> <span class='ocrx_word' id='word_1_20' title='bbox 1359 596 1431 645; x_wconf 89' lang='lat' dir='ltr'>qui</span> <span class='ocrx_word' id='word_1_21' title='bbox 1462 597 1608 646; x_wconf 89' lang='lat' dir='ltr'>petere</span> <span class='ocrx_word' id='word_1_22' title='bbox 1641 596 1730 635; x_wconf 91' lang='lat' dir='ltr'>iam</span> 
     </span>
     <span class='ocr_line' id='line_1_4' title="bbox 157 672 1732 724; baseline -0.001 -12"><span class='ocrx_word' id='word_1_23' title='bbox 157 673 328 724; x_wconf 80' lang='lat' dir='ltr'>desinit,</span> <span class='ocrx_word' id='word_1_24' title='bbox 363 673 456 712; x_wconf 86' lang='lat' dir='ltr'>sive</span> <span class='ocrx_word' id='word_1_25' title='bbox 489 672 600 721; x_wconf 92' lang='lat' dir='ltr'>quod</span> <span class='ocrx_word' id='word_1_26' title='bbox 631 682 717 711; x_wconf 90' lang='lat' dir='ltr'>non</span> <span class='ocrx_word' id='word_1_27' title='bbox 748 672 1084 720; x_wconf 87' lang='lat' dir='ltr'>impetraturum</span> <span class='ocrx_word' id='word_1_28' title='bbox 1116 682 1163 711; x_wconf 93' lang='lat' dir='ltr'>se</span> <span class='ocrx_word' id='word_1_29' title='bbox 1186 672 1317 722; x_wconf 88' lang='lat' dir='ltr'>videt,</span> <span class='ocrx_word' id='word_1_30' title='bbox 1347 672 1440 712; x_wconf 91' lang='lat' dir='ltr'>sive</span> <span class='ocrx_word' id='word_1_31' title='bbox 1465 683 1547 721; x_wconf 93' lang='lat' dir='ltr'>quo</span> <span class='ocrx_word' id='word_1_32' title='bbox 1573 672 1732 711; x_wconf 89' lang='lat' dir='ltr'>melius</span> 
     </span>
     <span class='ocr_line' id='line_1_5' title="bbox 157 746 1730 799; baseline -0.001 -9"><span class='ocrx_word' id='word_1_33' title='bbox 157 749 391 799; x_wconf 89' lang='lat' dir='ltr'>impetrare</span> <span class='ocrx_word' id='word_1_34' title='bbox 425 746 588 799; x_wconf 81' lang='lat' dir='ltr'>possit.&#39;</span> <span class='ocrx_word' id='word_1_35' title='bbox 609 749 679 788; x_wconf 87' lang='lat' dir='ltr'>Sic</span> <span class='ocrx_word' id='word_1_36' title='bbox 710 748 842 787; x_wconf 81' lang='lat' dir='ltr'>Thais</span> <span class='ocrx_word' id='word_1_37' title='bbox 873 750 1105 797; x_wconf 78' lang='lat' dir='ltr'>postquam</span> <span class='ocrx_word' id='word_1_38' title='bbox 1136 749 1246 788; x_wconf 89' lang='lat' dir='ltr'>vidit</span> <span class='ocrx_word' id='word_1_39' title='bbox 1277 751 1463 798; x_wconf 91' lang='lat' dir='ltr'>quantas</span> <span class='ocrx_word' id='word_1_40' title='bbox 1494 749 1730 788; x_wconf 79' lang='lat' dir='ltr'>Phaedriae</span> 
     </span>
     <span class='ocr_line' id='line_1_6' title="bbox 157 824 1729 874; baseline 0 -10"><span class='ocrx_word' id='word_1_41' title='bbox 157 825 246 865; x_wconf 84' lang='lat' dir='ltr'>iras</span> <span class='ocrx_word' id='word_1_42' title='bbox 285 826 472 865; x_wconf 89' lang='lat' dir='ltr'>moverit</span> <span class='ocrx_word' id='word_1_43' title='bbox 512 824 695 874; x_wconf 91' lang='lat' dir='ltr'>petendo</span> <span class='ocrx_word' id='word_1_44' title='bbox 727 826 777 863; x_wconf 92' lang='lat' dir='ltr'>ut</span> <span class='ocrx_word' id='word_1_45' title='bbox 807 835 882 873; x_wconf 89' lang='lat' dir='ltr'>per</span> <span class='ocrx_word' id='word_1_46' title='bbox 913 825 1042 864; x_wconf 90' lang='lat' dir='ltr'>breve</span> <span class='ocrx_word' id='word_1_47' title='bbox 1073 826 1248 874; x_wconf 88' lang='lat' dir='ltr'>tempus</span> <span class='ocrx_word' id='word_1_48' title='bbox 1279 825 1468 865; x_wconf 89' lang='lat' dir='ltr'>militem</span> <span class='ocrx_word' id='word_1_49' title='bbox 1499 825 1581 864; x_wconf 92' lang='lat' dir='ltr'>sibi</span> <span class='ocrx_word' id='word_1_50' title='bbox 1613 835 1729 874; x_wconf 91' lang='lat' dir='ltr'>prae-</span> 
     </span>
     <span class='ocr_line' id='line_1_7' title="bbox 157 901 1654 951; baseline -0.001 -10"><span class='ocrx_word' id='word_1_51' title='bbox 157 901 259 951; x_wconf 89' lang='lat' dir='ltr'>poni</span> <span class='ocrx_word' id='word_1_52' title='bbox 288 901 491 951; x_wconf 85' lang='lat' dir='ltr'>patiatur,</span> <span class='ocrx_word' id='word_1_53' title='bbox 524 901 696 950; x_wconf 87' lang='lat' dir='ltr'>placare</span> <span class='ocrx_word' id='word_1_54' title='bbox 729 911 830 940; x_wconf 90' lang='lat' dir='ltr'>eum</span> <span class='ocrx_word' id='word_1_55' title='bbox 863 903 1043 940; x_wconf 91' lang='lat' dir='ltr'>conatur</span> <span class='ocrx_word' id='word_1_56' title='bbox 1074 902 1218 940; x_wconf 91' lang='lat' dir='ltr'>verbis</span> <span class='ocrx_word' id='word_1_57' title='bbox 1250 902 1369 947; x_wconf 86' lang='lat' dir='ltr'>(Eun.</span> <span class='ocrx_word' id='word_1_58' title='bbox 1408 903 1488 941; x_wconf 83' lang='lat'>171</span> <span class='ocrx_word' id='word_1_59' title='bbox 1523 904 1654 950; x_wconf 87' lang='lat' dir='ltr'>sqq.):</span> 
     </span>
     <span class='ocr_line' id='line_1_8' title="bbox 920 978 1433 1028; baseline 0.002 -11"><span class='ocrx_word' id='word_1_60' title='bbox 920 978 1027 1028; x_wconf 78' lang='lat' dir='ltr'>Quid</span> <span class='ocrx_word' id='word_1_61' title='bbox 1060 978 1159 1018; x_wconf 90' lang='lat' dir='ltr'>istic</span> <span class='ocrx_word' id='word_1_62' title='bbox 1190 979 1433 1018; x_wconf 87' lang='lat' dir='ltr'>Phaedria?</span> 
     </span>
    </p>

    <p class='ocr_par' dir='ltr' id='par_1_3' title="bbox 277 1054 1664 1104">
     <span class='ocr_line' id='line_1_9' title="bbox 277 1054 1664 1104; baseline 0.001 -11"><span class='ocrx_word' id='word_1_63' title='bbox 277 1054 550 1104; x_wconf 79' lang='lat' dir='ltr'>Quamquam</span> <span class='ocrx_word' id='word_1_64' title='bbox 581 1054 702 1093; x_wconf 89' lang='lat' dir='ltr'>illam</span> <span class='ocrx_word' id='word_1_65' title='bbox 735 1055 858 1104; x_wconf 90' lang='lat' dir='ltr'>cupio</span> <span class='ocrx_word' id='word_1_66' title='bbox 891 1055 1101 1094; x_wconf 88' lang='lat' dir='ltr'>abducere</span> <span class='ocrx_word' id='word_1_67' title='bbox 1134 1057 1263 1104; x_wconf 90' lang='lat' dir='ltr'>atque</span> <span class='ocrx_word' id='word_1_68' title='bbox 1295 1056 1376 1095; x_wconf 91' lang='lat' dir='ltr'>hac</span> <span class='ocrx_word' id='word_1_69' title='bbox 1407 1066 1452 1095; x_wconf 91' lang='lat' dir='ltr'>re</span> <span class='ocrx_word' id='word_1_70' title='bbox 1480 1056 1664 1095; x_wconf 76' lang='lat' dir='ltr'>arbitror</span> 
     </span>
    </p>

    <p class='ocr_par' dir='ltr' id='par_1_4' title="bbox 252 1129 1214 1188">
     <span class='ocr_line' id='line_1_10' title="bbox 252 1129 1214 1188; baseline 0.001 -19"><span class='ocrx_word' id='word_1_71' title='bbox 252 1130 325 1188; x_wconf 74' lang='lat' dir='ltr'>=Id</span> <span class='ocrx_word' id='word_1_72' title='bbox 354 1129 448 1170; x_wconf 86' lang='lat' dir='ltr'>fieri</span> <span class='ocrx_word' id='word_1_73' title='bbox 479 1141 606 1180; x_wconf 90' lang='lat' dir='ltr'>posse</span> <span class='ocrx_word' id='word_1_74' title='bbox 638 1131 845 1181; x_wconf 82' lang='lat' dir='ltr'>maxime,</span> <span class='ocrx_word' id='word_1_75' title='bbox 879 1137 1033 1170; x_wconf 84' lang='lat' dir='ltr'>verum</span> <span class='ocrx_word' id='word_1_76' title='bbox 1064 1132 1214 1170; x_wconf 90' lang='lat' dir='ltr'>tamen</span> 
     </span>
    </p>

    <p class='ocr_par' dir='ltr' id='par_1_5' title="bbox 155 1206 1734 1793">
     <span class='ocr_line' id='line_1_11' title="bbox 276 1206 1655 1257; baseline 0.001 -11"><span class='ocrx_word' id='word_1_77' title='bbox 276 1206 427 1246; x_wconf 88' lang='lat' dir='ltr'>Potius</span> <span class='ocrx_word' id='word_1_78' title='bbox 459 1217 591 1255; x_wconf 91' lang='lat' dir='ltr'>quam</span> <span class='ocrx_word' id='word_1_79' title='bbox 622 1208 666 1246; x_wconf 91' lang='lat' dir='ltr'>te</span> <span class='ocrx_word' id='word_1_80' title='bbox 698 1207 926 1246; x_wconf 90' lang='lat' dir='ltr'>inimicum</span> <span class='ocrx_word' id='word_1_81' title='bbox 958 1208 1156 1257; x_wconf 85' lang='lat' dir='ltr'>habeam,</span> <span class='ocrx_word' id='word_1_82' title='bbox 1190 1208 1350 1247; x_wconf 84' lang='lat' dir='ltr'>faciam</span> <span class='ocrx_word' id='word_1_83' title='bbox 1382 1209 1431 1247; x_wconf 94' lang='lat' dir='ltr'>ut</span> <span class='ocrx_word' id='word_1_84' title='bbox 1463 1208 1655 1247; x_wconf 88' lang='lat' dir='ltr'>iusseris.</span> 
     </span>
     <span class='ocr_line' id='line_1_12' title="bbox 156 1283 1734 1334; baseline 0.001 -11"><span class='ocrx_word' id='word_1_85' title='bbox 156 1283 360 1333; x_wconf 85' lang='lat' dir='ltr'>Agellum</span> <span class='ocrx_word' id='word_1_86' title='bbox 405 1285 455 1323; x_wconf 86' lang='lat' dir='ltr'>ut-</span> <span class='ocrx_word' id='word_1_87' title='bbox 496 1284 626 1324; x_wconf 90' lang='lat' dir='ltr'>donet</span> <span class='ocrx_word' id='word_1_88' title='bbox 665 1284 849 1333; x_wconf 86' lang='lat' dir='ltr'>Hegioni</span> <span class='ocrx_word' id='word_1_89' title='bbox 892 1285 1069 1334; x_wconf 90' lang='lat' dir='ltr'>pauperi</span> <span class='ocrx_word' id='word_1_90' title='bbox 1102 1295 1127 1324; x_wconf 88' lang='lat' dir='ltr'>a</span> <span class='ocrx_word' id='word_1_91' title='bbox 1158 1285 1338 1324; x_wconf 88' lang='lat' dir='ltr'>Micione</span> <span class='ocrx_word' id='word_1_92' title='bbox 1369 1285 1503 1324; x_wconf 85' lang='lat' dir='ltr'>frater</span> <span class='ocrx_word' id='word_1_93' title='bbox 1534 1284 1734 1334; x_wconf 90' lang='lat' dir='ltr'>filiusque</span> 
     </span>
     <span class='ocr_line' id='line_1_13' title="bbox 156 1359 1733 1410; baseline 0 -10"><span class='ocrx_word' id='word_1_94' title='bbox 156 1360 332 1409; x_wconf 77' lang='lat' dir='ltr'>petunt;</span> <span class='ocrx_word' id='word_1_95' title='bbox 375 1359 447 1399; x_wconf 91' lang='lat' dir='ltr'>ille</span> <span class='ocrx_word' id='word_1_96' title='bbox 488 1370 591 1400; x_wconf 94' lang='lat' dir='ltr'>vero</span> <span class='ocrx_word' id='word_1_97' title='bbox 634 1362 891 1409; x_wconf 77' lang='lat' dir='ltr'>aspernatur</span> <span class='ocrx_word' id='word_1_98' title='bbox 931 1361 1206 1410; x_wconf 77' lang='lat' dir='ltr'>graviterque</span> <span class='ocrx_word' id='word_1_99' title='bbox 1253 1361 1387 1401; x_wconf 91' lang='lat' dir='ltr'>istam</span> <span class='ocrx_word' id='word_1_100' title='bbox 1427 1361 1733 1400; x_wconf 86' lang='lat' dir='ltr'>liberalitatem</span> 
     </span>
     <span class='ocr_line' id='line_1_14' title="bbox 157 1435 1734 1486; baseline 0.001 -11"><span class='ocrx_word' id='word_1_101' title='bbox 157 1435 563 1476; x_wconf 86' lang='lat' dir='ltr'>commendantibus</span> <span class='ocrx_word' id='word_1_102' title='bbox 595 1437 808 1476; x_wconf 85' lang='lat' dir='ltr'>irascitur.</span> <span class='ocrx_word' id='word_1_103' title='bbox 843 1437 926 1476; x_wconf 88' lang='lat' dir='ltr'>Sed</span> <span class='ocrx_word' id='word_1_104' title='bbox 957 1448 1063 1477; x_wconf 90' lang='lat' dir='ltr'>mox</span> <span class='ocrx_word' id='word_1_105' title='bbox 1089 1436 1167 1476; x_wconf 90' lang='lat' dir='ltr'>filii</span> <span class='ocrx_word' id='word_1_106' title='bbox 1193 1438 1391 1486; x_wconf 85' lang='lat' dir='ltr'>precibus</span> <span class='ocrx_word' id='word_1_107' title='bbox 1418 1438 1621 1477; x_wconf 89' lang='lat' dir='ltr'>resistere</span> <span class='ocrx_word' id='word_1_108' title='bbox 1648 1448 1734 1477; x_wconf 89' lang='lat' dir='ltr'>non</span> 
     </span>
     <span class='ocr_line' id='line_1_15' title="bbox 155 1513 1136 1563; baseline 0.001 -11"><span class='ocrx_word' id='word_1_109' title='bbox 155 1513 312 1563; x_wconf 88' lang='lat' dir='ltr'>potest,</span> <span class='ocrx_word' id='word_1_110' title='bbox 347 1523 447 1563; x_wconf 85' lang='lat' dir='ltr'>ergo</span> <span class='ocrx_word' id='word_1_111' title='bbox 481 1513 574 1559; x_wconf 91' lang='lat' dir='ltr'>(Ad.</span> <span class='ocrx_word' id='word_1_112' title='bbox 608 1513 708 1559; x_wconf 81' lang='lat'>956)</span> <span class='ocrx_word' id='word_1_113' title='bbox 746 1513 880 1563; x_wconf 80' lang='lat' dir='ltr'>„Quid</span> <span class='ocrx_word' id='word_1_114' title='bbox 913 1514 1040 1553; x_wconf 88' lang='lat' dir='ltr'>istic’&#39;</span> <span class='ocrx_word' id='word_1_115' title='bbox 1074 1514 1136 1553; x_wconf 89' lang='lat' dir='ltr'>ait</span> 
     </span>
     <span class='ocr_line' id='line_1_16' title="bbox 163 1590 1537 1639; baseline 0.003 -12"><span class='ocrx_word' id='word_1_116' title='bbox 163 1596 165 1599; x_wconf 83' lang='grc'><strong>’</strong></span> <span class='ocrx_word' id='word_1_117' title='bbox 697 1590 893 1639; x_wconf 85' lang='lat' dir='ltr'>„dabitur</span> <span class='ocrx_word' id='word_1_118' title='bbox 925 1591 1271 1639; x_wconf 89' lang='lat' dir='ltr'>quandoquidem</span> <span class='ocrx_word' id='word_1_119' title='bbox 1302 1591 1372 1630; x_wconf 89' lang='lat' dir='ltr'>hic</span> <span class='ocrx_word' id='word_1_120' title='bbox 1403 1592 1537 1631; x_wconf 90' lang='lat' dir='ltr'>volt.&#39;&#39;</span> 
     </span>
     <span class='ocr_line' id='line_1_17' title="bbox 155 1663 1734 1715; baseline 0.002 -11"><span class='ocrx_word' id='word_1_121' title='bbox 155 1663 337 1715; x_wconf 81' lang='lat' dir='ltr'>Egregie</span> <span class='ocrx_word' id='word_1_122' title='bbox 377 1667 527 1706; x_wconf 89' lang='lat' dir='ltr'>autem</span> <span class='ocrx_word' id='word_1_123' title='bbox 569 1666 671 1705; x_wconf 86' lang='lat' dir='ltr'>dicti</span> <span class='ocrx_word' id='word_1_124' title='bbox 713 1666 804 1705; x_wconf 91' lang='lat' dir='ltr'>vim</span> <span class='ocrx_word' id='word_1_125' title='bbox 847 1666 1039 1706; x_wconf 88' lang='lat' dir='ltr'>illustrat</span> <span class='ocrx_word' id='word_1_126' title='bbox 1081 1667 1323 1707; x_wconf 80' lang='lat' dir='ltr'>Scholiasta</span> <span class='ocrx_word' id='word_1_127' title='bbox 1354 1669 1633 1707; x_wconf 88' lang='lat' dir='ltr'>annotatione</span> <span class='ocrx_word' id='word_1_128' title='bbox 1666 1668 1734 1714; x_wconf 88' lang='lat' dir='ltr'>(ad</span> 
     </span>
     <span class='ocr_line' id='line_1_18' title="bbox 156 1738 1602 1793; baseline 0.003 -13"><span class='ocrx_word' id='word_1_129' title='bbox 156 1739 263 1780; x_wconf 87' lang='lat' dir='ltr'>Eun.</span> <span class='ocrx_word' id='word_1_130' title='bbox 300 1742 421 1788; x_wconf 87' lang='lat'>171):</span> <span class='ocrx_word' id='word_1_131' title='bbox 458 1742 577 1792; x_wconf 82' lang='lat' dir='ltr'>„Hoc</span> <span class='ocrx_word' id='word_1_132' title='bbox 609 1742 862 1781; x_wconf 88' lang='lat' dir='ltr'>adverbium</span> <span class='ocrx_word' id='word_1_133' title='bbox 884 1738 910 1788; x_wconf 93' lang='lat'>¹)</span> <span class='ocrx_word' id='word_1_134' title='bbox 945 1744 1187 1783; x_wconf 87' lang='lat' dir='ltr'>consentire</span> <span class='ocrx_word' id='word_1_135' title='bbox 1219 1744 1465 1793; x_wconf 88' lang='lat' dir='ltr'>incipientis</span> <span class='ocrx_word' id='word_1_136' title='bbox 1492 1745 1602 1784; x_wconf 85' lang='lat' dir='ltr'>est.&#39;&#39;</span> 
     </span>
    </p>

    <p class='ocr_par' dir='ltr' id='par_1_6' title="bbox 217 1817 1732 1870">
     <span class='ocr_line' id='line_1_19' title="bbox 217 1817 1732 1870; baseline 0.003 -14"><span class='ocrx_word' id='word_1_137' title='bbox 217 1817 407 1857; x_wconf 86' lang='lat' dir='ltr'>Sicine</span> <span class='ocrx_word' id='word_1_138' title='bbox 438 1818 561 1867; x_wconf 88' lang='lat' dir='ltr'>agis</span> <span class='ocrx_word' id='word_1_139' title='bbox 588 1818 699 1857; x_wconf 88' lang='lat' dir='ltr'>lenis</span> <span class='ocrx_word' id='word_1_140' title='bbox 726 1819 794 1857; x_wconf 90' lang='lat' dir='ltr'>est</span> <span class='ocrx_word' id='word_1_141' title='bbox 820 1819 1096 1867; x_wconf 86' lang='lat' dir='ltr'>reprehensio</span> <span class='ocrx_word' id='word_1_142' title='bbox 1120 1820 1229 1870; x_wconf 86' lang='lat' dir='ltr'>eius,</span> <span class='ocrx_word' id='word_1_143' title='bbox 1258 1821 1331 1869; x_wconf 91' lang='lat' dir='ltr'>qui</span> <span class='ocrx_word' id='word_1_144' title='bbox 1353 1821 1615 1860; x_wconf 89' lang='lat' dir='ltr'>irascentem</span> <span class='ocrx_word' id='word_1_145' title='bbox 1633 1831 1732 1860; x_wconf 88' lang='lat' dir='ltr'>cum</span> 
     </span>
    </p>

    <p class='ocr_par' dir='ltr' id='par_1_7' title="bbox 156 1893 1765 2788">
     <span class='ocr_line' id='line_1_20' title="bbox 156 1893 1733 1946; baseline 0.002 -12"><span class='ocrx_word' id='word_1_146' title='bbox 156 1893 327 1943; x_wconf 85' lang='lat' dir='ltr'>placare</span> <span class='ocrx_word' id='word_1_147' title='bbox 372 1894 512 1943; x_wconf 90' lang='lat' dir='ltr'>possit</span> <span class='ocrx_word' id='word_1_148' title='bbox 557 1894 794 1942; x_wconf 88' lang='lat' dir='ltr'>debeatque</span> <span class='ocrx_word' id='word_1_149' title='bbox 836 1895 950 1934; x_wconf 90' lang='lat' dir='ltr'>ultro</span> <span class='ocrx_word' id='word_1_150' title='bbox 991 1896 1182 1945; x_wconf 84' lang='lat' dir='ltr'>instiget.</span> <span class='ocrx_word' id='word_1_151' title='bbox 1227 1897 1296 1935; x_wconf 90' lang='lat' dir='ltr'>Sic</span> <span class='ocrx_word' id='word_1_152' title='bbox 1333 1898 1448 1936; x_wconf 88' lang='lat' dir='ltr'>certe</span> <span class='ocrx_word' id='word_1_153' title='bbox 1480 1897 1733 1946; x_wconf 90' lang='lat' dir='ltr'>plerumque</span> 
     </span>
     <span class='ocr_line' id='line_1_21' title="bbox 157 1969 1732 2026; baseline 0.003 -17"><span class='ocrx_word' id='word_1_154' title='bbox 157 1969 263 2010; x_wconf 86' lang='lat' dir='ltr'>illud</span> <span class='ocrx_word' id='word_1_155' title='bbox 306 1970 615 2026; x_wconf 71' lang='lat' dir='ltr'>„adverbium”</span> <span class='ocrx_word' id='word_1_156' title='bbox 658 1970 896 2021; x_wconf 89' lang='lat' dir='ltr'>adhibetur,</span> <span class='ocrx_word' id='word_1_157' title='bbox 931 1971 1007 2010; x_wconf 90' lang='lat' dir='ltr'>sed</span> <span class='ocrx_word' id='word_1_158' title='bbox 1038 1972 1156 2022; x_wconf 87' lang='lat' dir='ltr'>locis,</span> <span class='ocrx_word' id='word_1_159' title='bbox 1191 1973 1264 2011; x_wconf 92' lang='lat' dir='ltr'>ubi</span> <span class='ocrx_word' id='word_1_160' title='bbox 1295 1983 1345 2012; x_wconf 96' lang='lat' dir='ltr'>eo</span> <span class='ocrx_word' id='word_1_161' title='bbox 1377 1984 1510 2012; x_wconf 91' lang='lat' dir='ltr'>sensu</span> <span class='ocrx_word' id='word_1_162' title='bbox 1541 1974 1732 2022; x_wconf 89' lang='lat' dir='ltr'>positum</span> 
     </span>
     <span class='ocr_line' id='line_1_22' title="bbox 157 2045 1732 2098; baseline 0.003 -13"><span class='ocrx_word' id='word_1_163' title='bbox 157 2047 236 2096; x_wconf 87' lang='lat' dir='ltr'>est,</span> <span class='ocrx_word' id='word_1_164' title='bbox 279 2045 388 2085; x_wconf 90' lang='lat' dir='ltr'>nihil</span> <span class='ocrx_word' id='word_1_165' title='bbox 429 2055 455 2085; x_wconf 90' lang='lat' dir='ltr'>a</span> <span class='ocrx_word' id='word_1_166' title='bbox 496 2045 739 2085; x_wconf 85' lang='lat' dir='ltr'>Scholiasta</span> <span class='ocrx_word' id='word_1_167' title='bbox 769 2048 1026 2086; x_wconf 88' lang='lat' dir='ltr'>annotatum</span> <span class='ocrx_word' id='word_1_168' title='bbox 1059 2048 1320 2098; x_wconf 79' lang='lat' dir='ltr'>invenimus,</span> <span class='ocrx_word' id='word_1_169' title='bbox 1354 2049 1594 2098; x_wconf 90' lang='lat' dir='ltr'>iniuriaque</span> <span class='ocrx_word' id='word_1_170' title='bbox 1626 2051 1732 2089; x_wconf 92' lang='lat' dir='ltr'>tem-</span> 
     </span>
     <span class='ocr_line' id='line_1_23' title="bbox 156 2121 1733 2174; baseline 0.003 -14"><span class='ocrx_word' id='word_1_171' title='bbox 156 2122 274 2172; x_wconf 90' lang='lat' dir='ltr'>poris</span> <span class='ocrx_word' id='word_1_172' title='bbox 318 2121 378 2161; x_wconf 88' lang='lat' dir='ltr'>ibi</span> <span class='ocrx_word' id='word_1_173' title='bbox 423 2122 516 2161; x_wconf 88' lang='lat' dir='ltr'>eius</span> <span class='ocrx_word' id='word_1_174' title='bbox 562 2122 887 2162; x_wconf 89' lang='lat' dir='ltr'>observationes</span> <span class='ocrx_word' id='word_1_175' title='bbox 933 2123 1114 2172; x_wconf 89' lang='lat' dir='ltr'>periisse</span> <span class='ocrx_word' id='word_1_176' title='bbox 1156 2134 1323 2164; x_wconf 89' lang='lat' dir='ltr'>censeo.</span> <span class='ocrx_word' id='word_1_177' title='bbox 1367 2125 1480 2164; x_wconf 89' lang='lat' dir='ltr'>Nam</span> <span class='ocrx_word' id='word_1_178' title='bbox 1513 2136 1597 2174; x_wconf 89' lang='lat' dir='ltr'>qua</span> <span class='ocrx_word' id='word_1_179' title='bbox 1627 2137 1733 2165; x_wconf 87' lang='lat' dir='ltr'>voce</span> 
     </span>
     <span class='ocr_line' id='line_1_24' title="bbox 157 2188 1733 2248; baseline 0.002 -10"><span class='ocrx_word' id='word_1_180' title='bbox 157 2197 232 2238; x_wconf 86' lang='lat' dir='ltr'>illa</span> <span class='ocrx_word' id='word_1_181' title='bbox 261 2197 472 2238; x_wconf 87' lang='lat' dir='ltr'>vocabula</span> <span class='ocrx_word' id='word_1_182' title='bbox 502 2198 591 2237; x_wconf 89' lang='lat' dir='ltr'>sint</span> <span class='ocrx_word' id='word_1_183' title='bbox 622 2198 939 2247; x_wconf 90' lang='lat' dir='ltr'>pronuntianda</span> <span class='ocrx_word' id='word_1_184' title='bbox 970 2199 1073 2248; x_wconf 88' lang='lat' dir='ltr'>quin</span> <span class='ocrx_word' id='word_1_185' title='bbox 1104 2201 1220 2239; x_wconf 88' lang='lat' dir='ltr'>recte</span> <span class='ocrx_word' id='word_1_186' title='bbox 1254 2201 1520 2241; x_wconf 82' lang='lat' dir='ltr'>intellexerit</span> <span class='ocrx_word' id='word_1_187' title='bbox 1548 2188 1733 2242; x_wconf 30' lang='lat' dir='ltr'>&#39;minime</span> 
     </span>
     <span class='ocr_line' id='line_1_25' title="bbox 158 2275 1733 2328; baseline 0.003 -14"><span class='ocrx_word' id='word_1_188' title='bbox 158 2275 348 2315; x_wconf 90' lang='lat' dir='ltr'>dubium.</span> <span class='ocrx_word' id='word_1_189' title='bbox 406 2275 630 2315; x_wconf 87' lang='lat' dir='ltr'>Habemus</span> <span class='ocrx_word' id='word_1_190' title='bbox 677 2276 795 2314; x_wconf 89' lang='lat' dir='ltr'>enim</span> <span class='ocrx_word' id='word_1_191' title='bbox 841 2276 935 2315; x_wconf 90' lang='lat' dir='ltr'>eius</span> <span class='ocrx_word' id='word_1_192' title='bbox 981 2277 1309 2316; x_wconf 87' lang='lat' dir='ltr'>annotationem</span> <span class='ocrx_word' id='word_1_193' title='bbox 1355 2278 1408 2317; x_wconf 89' lang='lat' dir='ltr'>ad</span> <span class='ocrx_word' id='word_1_194' title='bbox 1455 2278 1611 2328; x_wconf 90' lang='lat' dir='ltr'>locum,</span> <span class='ocrx_word' id='word_1_195' title='bbox 1660 2280 1733 2318; x_wconf 91' lang='lat' dir='ltr'>ubi</span> 
     </span>
     <span class='ocr_line' id='line_1_26' title="bbox 158 2350 1735 2403; baseline 0.003 -13"><span class='ocrx_word' id='word_1_196' title='bbox 158 2350 356 2391; x_wconf 87' lang='lat' dir='ltr'>diversus</span> <span class='ocrx_word' id='word_1_197' title='bbox 401 2351 576 2400; x_wconf 89' lang='lat' dir='ltr'>quidem</span> <span class='ocrx_word' id='word_1_198' title='bbox 623 2362 773 2391; x_wconf 90' lang='lat' dir='ltr'>eorum</span> <span class='ocrx_word' id='word_1_199' title='bbox 820 2363 977 2392; x_wconf 92' lang='lat' dir='ltr'>sensus</span> <span class='ocrx_word' id='word_1_200' title='bbox 1025 2354 1104 2403; x_wconf 86' lang='lat' dir='ltr'>est,</span> <span class='ocrx_word' id='word_1_201' title='bbox 1154 2354 1230 2393; x_wconf 93' lang='lat' dir='ltr'>sed</span> <span class='ocrx_word' id='word_1_202' title='bbox 1263 2354 1377 2393; x_wconf 88' lang='lat' dir='ltr'>color</span> <span class='ocrx_word' id='word_1_203' title='bbox 1409 2354 1537 2394; x_wconf 89' lang='lat' dir='ltr'>idem.</span> <span class='ocrx_word' id='word_1_204' title='bbox 1573 2355 1735 2395; x_wconf 87' lang='lat' dir='ltr'>Taedet</span> 
     </span>
     <span class='ocr_line' id='line_1_27' title="bbox 158 2428 1733 2482; baseline 0.003 -14"><span class='ocrx_word' id='word_1_205' title='bbox 158 2428 386 2468; x_wconf 87' lang='lat' dir='ltr'>Micionem</span> <span class='ocrx_word' id='word_1_206' title='bbox 410 2429 526 2468; x_wconf 90' lang='lat' dir='ltr'>ultra</span> <span class='ocrx_word' id='word_1_207' title='bbox 551 2429 731 2468; x_wconf 86' lang='lat' dir='ltr'>fratrem</span> <span class='ocrx_word' id='word_1_208' title='bbox 754 2439 957 2468; x_wconf 85' lang='lat' dir='ltr'>severum</span> <span class='ocrx_word' id='word_1_209' title='bbox 974 2430 1121 2469; x_wconf 91' lang='lat' dir='ltr'>audire</span> <span class='ocrx_word' id='word_1_210' title='bbox 1138 2430 1452 2482; x_wconf 84' lang='lat' dir='ltr'>obiurgantem,</span> <span class='ocrx_word' id='word_1_211' title='bbox 1471 2433 1733 2481; x_wconf 88' lang='lat' dir='ltr'>tandemque</span> 
     </span>
     <span class='ocr_line' id='line_1_28' title="bbox 159 2504 1738 2557; baseline 0.004 -14"><span class='ocrx_word' id='word_1_212' title='bbox 159 2504 294 2550; x_wconf 89' lang='lat' dir='ltr'>(Adel.</span> <span class='ocrx_word' id='word_1_213' title='bbox 326 2514 392 2544; x_wconf 89' lang='lat' dir='ltr'>vs.</span> <span class='ocrx_word' id='word_1_214' title='bbox 428 2505 525 2552; x_wconf 85' lang='grc'>128)</span> <span class='ocrx_word' id='word_1_215' title='bbox 558 2506 799 2546; x_wconf 82' lang='lat' dir='ltr'>exclamat:</span> <span class='ocrx_word' id='word_1_216' title='bbox 837 2507 943 2557; x_wconf 89' lang='lat' dir='ltr'>„Ah,</span> <span class='ocrx_word' id='word_1_217' title='bbox 978 2507 1016 2546; x_wconf 93' lang='lat' dir='ltr'>si</span> <span class='ocrx_word' id='word_1_218' title='bbox 1047 2508 1190 2557; x_wconf 87' lang='lat' dir='ltr'>pergis</span> <span class='ocrx_word' id='word_1_219' title='bbox 1218 2508 1405 2549; x_wconf 84' lang='lat' dir='ltr'>abiero.”</span> <span class='ocrx_word' id='word_1_220' title='bbox 1434 2509 1545 2549; x_wconf 89' lang='lat' dir='ltr'>Tum</span> <span class='ocrx_word' id='word_1_221' title='bbox 1570 2510 1738 2549; x_wconf 84' lang='lat' dir='ltr'>Demea</span> 
     </span>
     <span class='ocr_line' id='line_1_29' title="bbox 163 2580 1731 2635; baseline 0.004 -16"><span class='ocrx_word' id='word_1_222' title='bbox 163 2580 330 2629; x_wconf 87' lang='lat' dir='ltr'>„Sicine</span> <span class='ocrx_word' id='word_1_223' title='bbox 372 2581 525 2630; x_wconf 86' lang='lat' dir='ltr'>agis?’&#39;</span> <span class='ocrx_word' id='word_1_224' title='bbox 568 2582 762 2622; x_wconf 89' lang='lat' dir='ltr'>Annotat</span> <span class='ocrx_word' id='word_1_225' title='bbox 803 2583 1068 2623; x_wconf 87' lang='lat' dir='ltr'>Scholiasta:</span> <span class='ocrx_word' id='word_1_226' title='bbox 1116 2584 1287 2634; x_wconf 80' lang='lat' dir='ltr'>„Recte,</span> <span class='ocrx_word' id='word_1_227' title='bbox 1321 2586 1422 2633; x_wconf 91' lang='lat' dir='ltr'>quia</span> <span class='ocrx_word' id='word_1_228' title='bbox 1453 2586 1542 2625; x_wconf 90' lang='lat' dir='ltr'>iam</span> <span class='ocrx_word' id='word_1_229' title='bbox 1574 2586 1731 2635; x_wconf 88' lang='lat' dir='ltr'>abibat,</span> 
     </span>
     <span class='ocr_line' id='line_1_30' title="bbox 159 2657 1733 2712; baseline 0.004 -17"><span class='ocrx_word' id='word_1_230' title='bbox 159 2657 283 2706; x_wconf 91' lang='lat' dir='ltr'>quasi</span> <span class='ocrx_word' id='word_1_231' title='bbox 329 2659 574 2698; x_wconf 88' lang='lat' dir='ltr'>revocantis</span> <span class='ocrx_word' id='word_1_232' title='bbox 616 2660 825 2709; x_wconf 90' lang='lat' dir='ltr'>correptio</span> <span class='ocrx_word' id='word_1_233' title='bbox 868 2661 978 2699; x_wconf 89' lang='lat' dir='ltr'>est.&#39;&#39;</span> <span class='ocrx_word' id='word_1_234' title='bbox 1021 2660 1075 2700; x_wconf 88' lang='lat' dir='ltr'>Et</span> <span class='ocrx_word' id='word_1_235' title='bbox 1115 2661 1213 2700; x_wconf 91' lang='lat' dir='ltr'>vide</span> <span class='ocrx_word' id='word_1_236' title='bbox 1245 2672 1360 2701; x_wconf 93' lang='lat' dir='ltr'>nunc</span> <span class='ocrx_word' id='word_1_237' title='bbox 1391 2664 1553 2711; x_wconf 88' lang='lat' dir='ltr'>quanta</span> <span class='ocrx_word' id='word_1_238' title='bbox 1584 2663 1733 2712; x_wconf 91' lang='lat' dir='ltr'>paucis</span> 
     </span>
     <span class='ocr_line' id='line_1_31' title="bbox 158 2733 1765 2788; baseline 0.004 -16"><span class='ocrx_word' id='word_1_239' title='bbox 158 2733 278 2773; x_wconf 89' lang='lat' dir='ltr'>hisce</span> <span class='ocrx_word' id='word_1_240' title='bbox 323 2733 510 2773; x_wconf 88' lang='lat' dir='ltr'>Demeae</span> <span class='ocrx_word' id='word_1_241' title='bbox 559 2735 701 2774; x_wconf 87' lang='lat' dir='ltr'>verbis</span> <span class='ocrx_word' id='word_1_242' title='bbox 749 2736 854 2775; x_wconf 87' lang='lat' dir='ltr'>insit</span> <span class='ocrx_word' id='word_1_243' title='bbox 899 2738 1121 2776; x_wconf 88' lang='lat' dir='ltr'>venustas.</span> <span class='ocrx_word' id='word_1_244' title='bbox 1171 2737 1278 2786; x_wconf 84' lang='lat' dir='ltr'>Quid</span> <span class='ocrx_word' id='word_1_245' title='bbox 1320 2739 1436 2778; x_wconf 92' lang='lat' dir='ltr'>enim</span> <span class='ocrx_word' id='word_1_246' title='bbox 1464 2740 1605 2788; x_wconf 82' lang='lat' dir='ltr'>magis</span> <span class='ocrx_word' id='word_1_247' title='bbox 1636 2737 1765 2778; x_wconf 83' lang='lat' dir='ltr'>ridi-&#39;</span> 
     </span>
    </p>
   </div>
   <div class='ocr_carea' id='block_1_3' title="bbox 163 2860 432 2865">
    <p class='ocr_par' dir='ltr' id='par_1_8' title="bbox 163 2860 432 2865">
     <span class='ocr_line' id='line_1_32' title="bbox 163 2860 432 2865; baseline 0 0"><span class='ocrx_word' id='word_1_248' title='bbox 163 2860 432 2865; x_wconf 95' lang='lat' dir='ltr'> </span> 
     </span>
    </p>
   </div>
   <div class='ocr_carea' id='block_1_4' title="bbox 158 2929 1731 3023">
    <p class='ocr_par' dir='ltr' id='par_1_9' title="bbox 158 2929 1731 3023">
     <span class='ocr_line' id='line_1_33' title="bbox 196 2929 1731 2969; baseline 0.004 -11"><span class='ocrx_word' id='word_1_249' title='bbox 196 2929 220 2965; x_wconf 88' lang='lat'>¹)</span> <span class='ocrx_word' id='word_1_250' title='bbox 247 2929 345 2966; x_wconf 83' lang='lat' dir='ltr'>Apud</span> <span class='ocrx_word' id='word_1_251' title='bbox 381 2929 606 2959; x_wconf 81' lang='lat' dir='ltr'>Scholiastam</span> <span class='ocrx_word' id='word_1_252' title='bbox 636 2931 878 2962; x_wconf 82' lang='lat' dir='ltr'>adverbium</span> <span class='ocrx_word' id='word_1_253' title='bbox 907 2932 1082 2968; x_wconf 68' lang='lat' dir='ltr'>significat</span> <span class='ocrx_word' id='word_1_254' title='bbox 1104 2933 1301 2968; x_wconf 82' lang='lat' dir='ltr'>loquendi</span> <span class='ocrx_word' id='word_1_255' title='bbox 1331 2934 1565 2969; x_wconf 84' lang='lat' dir='ltr'>formulam,</span> <span class='ocrx_word' id='word_1_256' title='bbox 1595 2936 1630 2964; x_wconf 85' lang='lat' dir='ltr'>et</span> <span class='ocrx_word' id='word_1_257' title='bbox 1655 2936 1731 2964; x_wconf 86' lang='lat' dir='ltr'>inde</span> 
     </span>
     <span class='ocr_line' id='line_1_34' title="bbox 158 2981 1607 3023; baseline 0.003 -11"><span class='ocrx_word' id='word_1_258' title='bbox 158 2981 346 3013; x_wconf 81' lang='lat' dir='ltr'>derivatam</span> <span class='ocrx_word' id='word_1_259' title='bbox 365 2990 481 3012; x_wconf 87' lang='lat' dir='ltr'>vocem</span> <span class='ocrx_word' id='word_1_260' title='bbox 501 2990 521 3011; x_wconf 91' lang='lat' dir='ltr'>a</span> <span class='ocrx_word' id='word_1_261' title='bbox 528 2982 548 3011; x_wconf 86' lang='lat' dir='ltr'>d</span> <span class='ocrx_word' id='word_1_262' title='bbox 557 2990 579 3011; x_wconf 89' lang='lat' dir='ltr'>v</span> <span class='ocrx_word' id='word_1_263' title='bbox 587 2990 604 3012; x_wconf 89' lang='lat' dir='ltr'>e</span> <span class='ocrx_word' id='word_1_264' title='bbox 611 2990 628 3011; x_wconf 90' lang='lat' dir='ltr'>r</span> <span class='ocrx_word' id='word_1_265' title='bbox 634 2983 655 3012; x_wconf 91' lang='lat' dir='ltr'>b</span> <span class='ocrx_word' id='word_1_266' title='bbox 662 2984 673 3012; x_wconf 88' lang='lat' dir='ltr'>i</span> <span class='ocrx_word' id='word_1_267' title='bbox 681 2984 720 3013; x_wconf 89' lang='lat' dir='ltr'>al</span> <span class='ocrx_word' id='word_1_268' title='bbox 731 2984 764 3013; x_wconf 85' lang='lat' dir='ltr'>it</span> <span class='ocrx_word' id='word_1_269' title='bbox 771 2992 789 3014; x_wconf 87' lang='lat' dir='ltr'>e</span> <span class='ocrx_word' id='word_1_270' title='bbox 796 2992 813 3013; x_wconf 89' lang='lat' dir='ltr'>r</span> <span class='ocrx_word' id='word_1_271' title='bbox 831 2992 895 3020; x_wconf 90' lang='lat' dir='ltr'>quo</span> <span class='ocrx_word' id='word_1_272' title='bbox 914 2992 1015 3015; x_wconf 83' lang='lat' dir='ltr'>sensu</span> <span class='ocrx_word' id='word_1_273' title='bbox 1036 2986 1195 3015; x_wconf 83' lang='lat' dir='ltr'>adhibeat</span> <span class='ocrx_word' id='word_1_274' title='bbox 1214 2994 1302 3016; x_wconf 86' lang='lat' dir='ltr'>nunc</span> <span class='ocrx_word' id='word_1_275' title='bbox 1321 2989 1441 3022; x_wconf 85' lang='lat' dir='ltr'>sponte</span> <span class='ocrx_word' id='word_1_276' title='bbox 1460 2989 1607 3023; x_wconf 78' lang='lat' dir='ltr'>apparet.</span> 
     </span>
    </p>
   </div>
   <div class='ocr_carea' id='block_1_5' title="bbox 1609 3042 1626 3070">
    <p class='ocr_par' dir='ltr' id='par_1_10' title="bbox 1609 3042 1626 3070">
     <span class='ocr_line' id='line_1_35' title="bbox 1609 3042 1626 3070; baseline 0 0"><span class='ocrx_word' id='word_1_277' title='bbox 1609 3042 1626 3070; x_wconf 90' lang='grc'>7</span> 
     </span>
    </p>
   </div>
  </div>
 </body>
</html>
