<?xml version="1.0" encoding="UTF-8"?>
<!DOCTYPE html PUBLIC "-//W3C//DTD XHTML 1.0 Transitional//EN"
    "http://www.w3.org/TR/xhtml1/DTD/xhtml1-transitional.dtd">
<html xmlns="http://www.w3.org/1999/xhtml" xml:lang="en" lang="en">
 <head>
  <title>
</title>
<meta http-equiv="Content-Type" content="text/html;charset=utf-8" />
  <meta name='ocr-system' content='tesseract 3.04.00' />
  <meta name='ocr-capabilities' content='ocr_page ocr_carea ocr_par ocr_line ocrx_word'/>
</head>
<body>
  <div class='ocr_page' id='page_1' title='image "./deterentioetdona00hartuoft_0014.png"; bbox 0 0 2002 3464; ppageno 0'>
   <div class='ocr_carea' id='block_1_1' title="bbox 1096 408 1122 449">
    <p class='ocr_par' dir='ltr' id='par_1_1' title="bbox 1096 408 1122 449">
     <span class='ocr_line' id='line_1_1' title="bbox 1096 408 1122 449; baseline 0 0"><span class='ocrx_word' id='word_1_1' title='bbox 1096 408 1122 449; x_wconf 80' lang='lat'><em>2</em></span> 
     </span>
    </p>
   </div>
   <div class='ocr_carea' id='block_1_2' title="bbox 273 533 1880 1261">
    <p class='ocr_par' dir='ltr' id='par_1_2' title="bbox 273 533 1880 1261">
     <span class='ocr_line' id='line_1_2' title="bbox 327 533 1875 588; baseline -0.001 -14"><span class='ocrx_word' id='word_1_2' title='bbox 327 537 422 574; x_wconf 82' lang='lat' dir='ltr'>tum</span> <span class='ocrx_word' id='word_1_3' title='bbox 468 534 549 572; x_wconf 86' lang='lat' dir='ltr'>sibi</span> <span class='ocrx_word' id='word_1_4' title='bbox 589 534 776 582; x_wconf 73' lang='lat' dir='ltr'>postulet</span> <span class='ocrx_word' id='word_1_5' title='bbox 816 533 1060 581; x_wconf 73' lang='lat' dir='ltr'>diligentiae</span> <span class='ocrx_word' id='word_1_6' title='bbox 1102 533 1325 573; x_wconf 90' lang='lat' dir='ltr'>Terentius</span> <span class='ocrx_word' id='word_1_7' title='bbox 1367 536 1409 573; x_wconf 88' lang='lat' dir='ltr'>et</span> <span class='ocrx_word' id='word_1_8' title='bbox 1451 545 1532 588; x_wconf 82' lang='lat' dir='ltr'>quo</span> <span class='ocrx_word' id='word_1_9' title='bbox 1574 534 1700 573; x_wconf 91' lang='lat' dir='ltr'>modo</span> <span class='ocrx_word' id='word_1_10' title='bbox 1737 533 1875 583; x_wconf 83' lang='lat' dir='ltr'>legen-</span> 
     </span>
     <span class='ocr_line' id='line_1_3' title="bbox 329 608 1880 657; baseline 0 -9"><span class='ocrx_word' id='word_1_11' title='bbox 329 611 408 648; x_wconf 88' lang='lat' dir='ltr'>dus</span> <span class='ocrx_word' id='word_1_12' title='bbox 449 610 520 648; x_wconf 89' lang='lat' dir='ltr'>ille</span> <span class='ocrx_word' id='word_1_13' title='bbox 561 610 619 647; x_wconf 87' lang='lat' dir='ltr'>sit</span> <span class='ocrx_word' id='word_1_14' title='bbox 660 619 885 657; x_wconf 81' lang='lat' dir='ltr'>exponam.</span> <span class='ocrx_word' id='word_1_15' title='bbox 930 608 1046 657; x_wconf 81' lang='lat' dir='ltr'>Quod</span> <span class='ocrx_word' id='word_1_16' title='bbox 1085 609 1232 657; x_wconf 82' lang='lat' dir='ltr'>paucis</span> <span class='ocrx_word' id='word_1_17' title='bbox 1273 609 1415 648; x_wconf 88' lang='lat' dir='ltr'>verbis</span> <span class='ocrx_word' id='word_1_18' title='bbox 1455 609 1547 648; x_wconf 83' lang='lat' dir='ltr'>fieri</span> <span class='ocrx_word' id='word_1_19' title='bbox 1588 609 1748 657; x_wconf 89' lang='lat' dir='ltr'>nequit.</span> <span class='ocrx_word' id='word_1_20' title='bbox 1781 608 1880 649; x_wconf 86' lang='lat' dir='ltr'>Una</span> 
     </span>
     <span class='ocr_line' id='line_1_4' title="bbox 328 683 1877 734; baseline -0.001 -10"><span class='ocrx_word' id='word_1_21' title='bbox 328 685 437 724; x_wconf 90' lang='lat' dir='ltr'>mihi</span> <span class='ocrx_word' id='word_1_22' title='bbox 469 696 523 724; x_wconf 82' lang='lat' dir='ltr'>ex</span> <span class='ocrx_word' id='word_1_23' title='bbox 555 685 646 723; x_wconf 89' lang='lat' dir='ltr'>eius</span> <span class='ocrx_word' id='word_1_24' title='bbox 677 683 832 722; x_wconf 80' lang='lat' dir='ltr'>sabulis</span> <span class='ocrx_word' id='word_1_25' title='bbox 865 683 915 722; x_wconf 87' lang='lat' dir='ltr'>ab</span> <span class='ocrx_word' id='word_1_26' title='bbox 947 683 1069 722; x_wconf 89' lang='lat' dir='ltr'>initio</span> <span class='ocrx_word' id='word_1_27' title='bbox 1101 685 1153 722; x_wconf 92' lang='lat' dir='ltr'>ad</span> <span class='ocrx_word' id='word_1_28' title='bbox 1184 683 1314 723; x_wconf 89' lang='lat' dir='ltr'>finem</span> <span class='ocrx_word' id='word_1_29' title='bbox 1347 686 1413 723; x_wconf 91' lang='lat' dir='ltr'>est</span> <span class='ocrx_word' id='word_1_30' title='bbox 1444 684 1756 734; x_wconf 87' lang='lat' dir='ltr'>pertractanda,</span> <span class='ocrx_word' id='word_1_31' title='bbox 1791 692 1877 724; x_wconf 90' lang='lat' dir='ltr'>om-</span> 
     </span>
     <span class='ocr_line' id='line_1_5' title="bbox 329 759 1879 809; baseline -0.001 -10"><span class='ocrx_word' id='word_1_32' title='bbox 329 771 488 808; x_wconf 87' lang='lat' dir='ltr'>nesque</span> <span class='ocrx_word' id='word_1_33' title='bbox 515 770 678 809; x_wconf 87' lang='lat' dir='ltr'>versus,</span> <span class='ocrx_word' id='word_1_34' title='bbox 708 759 752 797; x_wconf 90' lang='lat' dir='ltr'>in</span> <span class='ocrx_word' id='word_1_35' title='bbox 779 759 931 807; x_wconf 84' lang='lat' dir='ltr'>quibus</span> <span class='ocrx_word' id='word_1_36' title='bbox 957 759 1092 798; x_wconf 87' lang='lat' dir='ltr'>lateat</span> <span class='ocrx_word' id='word_1_37' title='bbox 1119 759 1289 809; x_wconf 87' lang='lat' dir='ltr'>aliquid,</span> <span class='ocrx_word' id='word_1_38' title='bbox 1321 761 1430 808; x_wconf 92' lang='lat' dir='ltr'>quod</span> <span class='ocrx_word' id='word_1_39' title='bbox 1457 759 1626 809; x_wconf 85' lang='lat' dir='ltr'>avulgo</span> <span class='ocrx_word' id='word_1_40' title='bbox 1642 759 1879 809; x_wconf 89' lang='lat' dir='ltr'>legentium</span> 
     </span>
     <span class='ocr_line' id='line_1_6' title="bbox 328 834 1878 885; baseline -0.001 -10"><span class='ocrx_word' id='word_1_41' title='bbox 328 836 486 885; x_wconf 82' lang='lat' dir='ltr'>negligi</span> <span class='ocrx_word' id='word_1_42' title='bbox 516 836 586 874; x_wconf 90' lang='lat' dir='ltr'>vel</span> <span class='ocrx_word' id='word_1_43' title='bbox 617 835 754 874; x_wconf 88' lang='lat' dir='ltr'>soleat</span> <span class='ocrx_word' id='word_1_44' title='bbox 779 835 848 873; x_wconf 88' lang='lat' dir='ltr'>vel</span> <span class='ocrx_word' id='word_1_45' title='bbox 879 834 1003 873; x_wconf 80' lang='lat' dir='ltr'>facile</span> <span class='ocrx_word' id='word_1_46' title='bbox 1034 835 1182 884; x_wconf 81' lang='lat' dir='ltr'>possit,</span> <span class='ocrx_word' id='word_1_47' title='bbox 1218 837 1414 874; x_wconf 84' lang='lat' dir='ltr'>accurate</span> <span class='ocrx_word' id='word_1_48' title='bbox 1446 836 1554 874; x_wconf 89' lang='lat' dir='ltr'>mihi</span> <span class='ocrx_word' id='word_1_49' title='bbox 1586 836 1687 874; x_wconf 89' lang='lat' dir='ltr'>sunt</span> <span class='ocrx_word' id='word_1_50' title='bbox 1718 835 1878 875; x_wconf 85' lang='lat' dir='ltr'>exami-</span> 
     </span>
     <span class='ocr_line' id='line_1_7' title="bbox 328 910 1878 959; baseline 0 -9"><span class='ocrx_word' id='word_1_51' title='bbox 328 912 470 951; x_wconf 88' lang='lat' dir='ltr'>nandi.</span> <span class='ocrx_word' id='word_1_52' title='bbox 513 911 577 950; x_wconf 85' lang='lat' dir='ltr'>Ibi</span> <span class='ocrx_word' id='word_1_53' title='bbox 619 912 766 949; x_wconf 90' lang='lat' dir='ltr'>autem</span> <span class='ocrx_word' id='word_1_54' title='bbox 806 910 944 949; x_wconf 86' lang='lat' dir='ltr'>facere</span> <span class='ocrx_word' id='word_1_55' title='bbox 976 920 1060 949; x_wconf 89' lang='lat' dir='ltr'>non</span> <span class='ocrx_word' id='word_1_56' title='bbox 1091 920 1268 959; x_wconf 87' lang='lat' dir='ltr'>possum</span> <span class='ocrx_word' id='word_1_57' title='bbox 1300 911 1402 958; x_wconf 88' lang='lat' dir='ltr'>quin</span> <span class='ocrx_word' id='word_1_58' title='bbox 1432 911 1600 950; x_wconf 88' lang='lat' dir='ltr'>fabulae</span> <span class='ocrx_word' id='word_1_59' title='bbox 1632 911 1747 950; x_wconf 83' lang='lat' dir='ltr'>illius</span> <span class='ocrx_word' id='word_1_60' title='bbox 1779 911 1878 959; x_wconf 86' lang='lat' dir='ltr'>quid</span> 
     </span>
     <span class='ocr_line' id='line_1_8' title="bbox 328 976 1877 1038; baseline -0.001 -12"><span class='ocrx_word' id='word_1_61' title='bbox 328 987 510 1036; x_wconf 87' lang='lat' dir='ltr'>singulis</span> <span class='ocrx_word' id='word_1_62' title='bbox 552 988 704 1035; x_wconf 89' lang='lat' dir='ltr'>agatur</span> <span class='ocrx_word' id='word_1_63' title='bbox 741 985 880 1024; x_wconf 89' lang='lat' dir='ltr'>scenis</span> <span class='ocrx_word' id='word_1_64' title='bbox 911 985 1070 1034; x_wconf 86' lang='lat' dir='ltr'>legenti</span> <span class='ocrx_word' id='word_1_65' title='bbox 1097 985 1141 1023; x_wconf 91' lang='lat' dir='ltr'>in</span> <span class='ocrx_word' id='word_1_66' title='bbox 1167 987 1360 1038; x_wconf 85' lang='lat' dir='ltr'>mentem</span> <span class='ocrx_word' id='word_1_67' title='bbox 1387 976 1599 1025; x_wconf 75' lang='lat' dir='ltr'>revocem.</span> <span class='ocrx_word' id='word_1_68' title='bbox 1628 985 1735 1025; x_wconf 84' lang='lat' dir='ltr'>Cum</span> <span class='ocrx_word' id='word_1_69' title='bbox 1762 985 1877 1025; x_wconf 87' lang='lat' dir='ltr'>enim</span> 
     </span>
     <span class='ocr_line' id='line_1_9' title="bbox 328 1061 1877 1111; baseline -0.001 -9"><span class='ocrx_word' id='word_1_70' title='bbox 328 1063 522 1102; x_wconf 91' lang='lat' dir='ltr'>omnium</span> <span class='ocrx_word' id='word_1_71' title='bbox 549 1062 792 1101; x_wconf 85' lang='lat' dir='ltr'>fabularum</span> <span class='ocrx_word' id='word_1_72' title='bbox 818 1061 1172 1099; x_wconf 83' lang='lat' dir='ltr'>Terentianarum</span> <span class='ocrx_word' id='word_1_73' title='bbox 1201 1061 1313 1100; x_wconf 87' lang='lat' dir='ltr'>color</span> <span class='ocrx_word' id='word_1_74' title='bbox 1340 1062 1398 1099; x_wconf 92' lang='lat' dir='ltr'>sit</span> <span class='ocrx_word' id='word_1_75' title='bbox 1424 1072 1535 1100; x_wconf 87' lang='lat' dir='ltr'>unus</span> <span class='ocrx_word' id='word_1_76' title='bbox 1562 1061 1649 1100; x_wconf 82' lang='lat' dir='ltr'>fere</span> <span class='ocrx_word' id='word_1_77' title='bbox 1667 1061 1877 1111; x_wconf 83' lang='lat' dir='ltr'>idemque,</span> 
     </span>
     <span class='ocr_line' id='line_1_10' title="bbox 273 1136 1877 1185; baseline 0.001 -12"><span class='ocrx_word' id='word_1_78' title='bbox 273 1171 275 1173; x_wconf 87' lang='lat'>.</span> <span class='ocrx_word' id='word_1_79' title='bbox 326 1139 440 1177; x_wconf 89' lang='lat' dir='ltr'>haud</span> <span class='ocrx_word' id='word_1_80' title='bbox 470 1136 594 1176; x_wconf 83' lang='lat' dir='ltr'>facile</span> <span class='ocrx_word' id='word_1_81' title='bbox 627 1137 893 1185; x_wconf 88' lang='lat' dir='ltr'>singularum</span> <span class='ocrx_word' id='word_1_82' title='bbox 926 1137 1128 1175; x_wconf 85' lang='lat' dir='ltr'>decursus</span> <span class='ocrx_word' id='word_1_83' title='bbox 1160 1136 1377 1184; x_wconf 89' lang='lat' dir='ltr'>seriesque</span> <span class='ocrx_word' id='word_1_84' title='bbox 1409 1136 1620 1175; x_wconf 89' lang='lat' dir='ltr'>memoria</span> <span class='ocrx_word' id='word_1_85' title='bbox 1645 1137 1877 1176; x_wconf 81' lang='lat' dir='ltr'>retinetur:</span> 
     </span>
     <span class='ocr_line' id='line_1_11' title="bbox 327 1206 1878 1261; baseline -0.001 -8"><span class='ocrx_word' id='word_1_86' title='bbox 327 1214 378 1253; x_wconf 90' lang='lat' dir='ltr'>ab</span> <span class='ocrx_word' id='word_1_87' title='bbox 404 1206 506 1252; x_wconf 70' lang='lat' dir='ltr'>&#39;alia</span> <span class='ocrx_word' id='word_1_88' title='bbox 536 1224 589 1252; x_wconf 90' lang='lat' dir='ltr'>ne</span> <span class='ocrx_word' id='word_1_89' title='bbox 622 1213 674 1251; x_wconf 89' lang='lat' dir='ltr'>ad</span> <span class='ocrx_word' id='word_1_90' title='bbox 706 1212 837 1251; x_wconf 89' lang='lat' dir='ltr'>aliam</span> <span class='ocrx_word' id='word_1_91' title='bbox 868 1212 1035 1250; x_wconf 86' lang='lat' dir='ltr'>aberret</span> <span class='ocrx_word' id='word_1_92' title='bbox 1065 1221 1189 1250; x_wconf 86' lang='lat' dir='ltr'>mens</span> <span class='ocrx_word' id='word_1_93' title='bbox 1220 1211 1457 1259; x_wconf 88' lang='lat' dir='ltr'>periculum</span> <span class='ocrx_word' id='word_1_94' title='bbox 1490 1213 1567 1250; x_wconf 86' lang='lat' dir='ltr'>est.</span> <span class='ocrx_word' id='word_1_95' title='bbox 1603 1211 1760 1261; x_wconf 80' lang='lat' dir='ltr'>Quodsi</span> <span class='ocrx_word' id='word_1_96' title='bbox 1789 1211 1878 1252; x_wconf 83' lang='lat' dir='ltr'>iam</span> 
     </span>
    </p>
   </div>
   <div class='ocr_carea' id='block_1_3' title="bbox 326 1286 1959 1337">
    <p class='ocr_par' dir='ltr' id='par_1_3' title="bbox 326 1286 1959 1337">
     <span class='ocr_line' id='line_1_12' title="bbox 326 1286 1959 1337; baseline -0.001 -9"><span class='ocrx_word' id='word_1_97' title='bbox 326 1290 441 1328; x_wconf 89' lang='lat' dir='ltr'>lectu</span> <span class='ocrx_word' id='word_1_98' title='bbox 482 1288 610 1337; x_wconf 87' lang='lat' dir='ltr'>digna</span> <span class='ocrx_word' id='word_1_99' title='bbox 650 1289 716 1326; x_wconf 88' lang='lat' dir='ltr'>est</span> <span class='ocrx_word' id='word_1_100' title='bbox 758 1286 1063 1326; x_wconf 87' lang='lat' dir='ltr'>commentatio</span> <span class='ocrx_word' id='word_1_101' title='bbox 1105 1297 1214 1335; x_wconf 88' lang='lat' dir='ltr'>mea,</span> <span class='ocrx_word' id='word_1_102' title='bbox 1260 1286 1354 1334; x_wconf 89' lang='lat' dir='ltr'>quis</span> <span class='ocrx_word' id='word_1_103' title='bbox 1385 1286 1494 1325; x_wconf 85' lang='lat' dir='ltr'>ferre</span> <span class='ocrx_word' id='word_1_104' title='bbox 1527 1297 1623 1326; x_wconf 89' lang='lat' dir='ltr'>eam</span> <span class='ocrx_word' id='word_1_105' title='bbox 1653 1287 1811 1336; x_wconf 87' lang='lat' dir='ltr'>poterit</span> <span class='ocrx_word' id='word_1_106' title='bbox 1840 1287 1880 1327; x_wconf 79' lang='lat' dir='ltr'>si</span> <span class='ocrx_word' id='word_1_107' title='bbox 1944 1296 1959 1302; x_wconf 72' lang='grc'><em>“</em></span> 
     </span>
    </p>
   </div>
   <div class='ocr_carea' id='block_1_4' title="bbox 325 1362 1879 1939">
    <p class='ocr_par' dir='ltr' id='par_1_4' title="bbox 325 1362 1879 1939">
     <span class='ocr_line' id='line_1_13' title="bbox 327 1362 1878 1411; baseline -0.001 -7"><span class='ocrx_word' id='word_1_108' title='bbox 327 1365 561 1404; x_wconf 90' lang='lat' dir='ltr'>identidem</span> <span class='ocrx_word' id='word_1_109' title='bbox 604 1364 643 1402; x_wconf 90' lang='lat' dir='ltr'>ei</span> <span class='ocrx_word' id='word_1_110' title='bbox 685 1364 735 1402; x_wconf 89' lang='lat' dir='ltr'>ab</span> <span class='ocrx_word' id='word_1_111' title='bbox 777 1363 851 1401; x_wconf 91' lang='lat' dir='ltr'>illa</span> <span class='ocrx_word' id='word_1_112' title='bbox 887 1363 939 1401; x_wconf 92' lang='lat' dir='ltr'>ad</span> <span class='ocrx_word' id='word_1_113' title='bbox 981 1362 1168 1400; x_wconf 86' lang='lat' dir='ltr'>Terentii</span> <span class='ocrx_word' id='word_1_114' title='bbox 1209 1363 1392 1411; x_wconf 82' lang='lat' dir='ltr'>textum,</span> <span class='ocrx_word' id='word_1_115' title='bbox 1438 1373 1463 1401; x_wconf 91' lang='lat' dir='ltr'>a</span> <span class='ocrx_word' id='word_1_116' title='bbox 1502 1363 1628 1401; x_wconf 84' lang='lat' dir='ltr'>textu</span> <span class='ocrx_word' id='word_1_117' title='bbox 1669 1363 1722 1401; x_wconf 88' lang='lat' dir='ltr'>ad</span> <span class='ocrx_word' id='word_1_118' title='bbox 1757 1362 1878 1403; x_wconf 82' lang='lat' dir='ltr'>illam</span> 
     </span>
     <span class='ocr_line' id='line_1_14' title="bbox 327 1437 1879 1486; baseline -0.001 -6"><span class='ocrx_word' id='word_1_119' title='bbox 327 1441 408 1480; x_wconf 91' lang='lat' dir='ltr'>erit</span> <span class='ocrx_word' id='word_1_120' title='bbox 439 1439 776 1479; x_wconf 82' lang='lat' dir='ltr'>recurrendum?</span> <span class='ocrx_word' id='word_1_121' title='bbox 803 1438 856 1476; x_wconf 89' lang='lat' dir='ltr'>Et</span> <span class='ocrx_word' id='word_1_122' title='bbox 888 1448 961 1476; x_wconf 88' lang='lat' dir='ltr'>cur</span> <span class='ocrx_word' id='word_1_123' title='bbox 990 1448 1066 1486; x_wconf 89' lang='lat' dir='ltr'>ego</span> <span class='ocrx_word' id='word_1_124' title='bbox 1092 1447 1146 1475; x_wconf 90' lang='lat' dir='ltr'>ne</span> <span class='ocrx_word' id='word_1_125' title='bbox 1173 1437 1298 1485; x_wconf 87' lang='lat' dir='ltr'>paulo</span> <span class='ocrx_word' id='word_1_126' title='bbox 1325 1437 1489 1486; x_wconf 89' lang='lat' dir='ltr'>longior</span> <span class='ocrx_word' id='word_1_127' title='bbox 1516 1438 1671 1477; x_wconf 88' lang='lat' dir='ltr'>evadat</span> <span class='ocrx_word' id='word_1_128' title='bbox 1686 1437 1757 1477; x_wconf 90' lang='lat' dir='ltr'>hic</span> <span class='ocrx_word' id='word_1_129' title='bbox 1771 1437 1879 1478; x_wconf 86' lang='lat' dir='ltr'>liber</span> 
     </span>
     <span class='ocr_line' id='line_1_15' title="bbox 326 1493 1877 1566; baseline -0.002 -10"><span class='ocrx_word' id='word_1_130' title='bbox 326 1527 584 1566; x_wconf 89' lang='lat' dir='ltr'>magnopere</span> <span class='ocrx_word' id='word_1_131' title='bbox 625 1515 852 1553; x_wconf 85' lang='lat' dir='ltr'>metuam?</span> <span class='ocrx_word' id='word_1_132' title='bbox 893 1514 1051 1552; x_wconf 83' lang='lat' dir='ltr'>Docere</span> <span class='ocrx_word' id='word_1_133' title='bbox 1094 1513 1209 1551; x_wconf 90' lang='lat' dir='ltr'>enim</span> <span class='ocrx_word' id='word_1_134' title='bbox 1255 1514 1475 1552; x_wconf 89' lang='lat' dir='ltr'>neminem</span> <span class='ocrx_word' id='word_1_135' title='bbox 1516 1514 1612 1553; x_wconf 89' lang='lat' dir='ltr'>volo</span> <span class='ocrx_word' id='word_1_136' title='bbox 1653 1493 1746 1554; x_wconf 19' lang='lat' dir='ltr'>nisi*</span> <span class='ocrx_word' id='word_1_137' title='bbox 1768 1514 1877 1554; x_wconf 83' lang='lat' dir='ltr'>forte</span> 
     </span>
     <span class='ocr_line' id='line_1_16' title="bbox 326 1588 1875 1639; baseline -0.002 -8"><span class='ocrx_word' id='word_1_138' title='bbox 326 1593 509 1631; x_wconf 88' lang='lat' dir='ltr'>tironem</span> <span class='ocrx_word' id='word_1_139' title='bbox 552 1591 750 1639; x_wconf 87' lang='lat' dir='ltr'>aliquem.</span> <span class='ocrx_word' id='word_1_140' title='bbox 795 1589 932 1628; x_wconf 78' lang='lat' dir='ltr'>Simul</span> <span class='ocrx_word' id='word_1_141' title='bbox 973 1590 1121 1627; x_wconf 90' lang='lat' dir='ltr'>tamen</span> <span class='ocrx_word' id='word_1_142' title='bbox 1162 1589 1232 1627; x_wconf 90' lang='lat' dir='ltr'>hic</span> <span class='ocrx_word' id='word_1_143' title='bbox 1267 1588 1354 1627; x_wconf 89' lang='lat' dir='ltr'>illic</span> <span class='ocrx_word' id='word_1_144' title='bbox 1386 1589 1554 1637; x_wconf 89' lang='lat' dir='ltr'>aliquod</span> <span class='ocrx_word' id='word_1_145' title='bbox 1585 1599 1733 1628; x_wconf 91' lang='lat' dir='ltr'>meum</span> <span class='ocrx_word' id='word_1_146' title='bbox 1765 1599 1875 1635; x_wconf 87' lang='lat' dir='ltr'>com-</span> 
     </span>
     <span class='ocr_line' id='line_1_17' title="bbox 325 1664 1876 1714; baseline -0.001 -8"><span class='ocrx_word' id='word_1_147' title='bbox 325 1669 523 1706; x_wconf 87' lang='lat' dir='ltr'>mentum</span> <span class='ocrx_word' id='word_1_148' title='bbox 565 1666 808 1714; x_wconf 84' lang='lat' dir='ltr'>aliquamve</span> <span class='ocrx_word' id='word_1_149' title='bbox 849 1664 958 1702; x_wconf 89' lang='lat' dir='ltr'>mihi</span> <span class='ocrx_word' id='word_1_150' title='bbox 989 1665 1138 1703; x_wconf 88' lang='lat' dir='ltr'>natam</span> <span class='ocrx_word' id='word_1_151' title='bbox 1170 1664 1459 1712; x_wconf 78' lang='lat' dir='ltr'>suspicionem</span> <span class='ocrx_word' id='word_1_152' title='bbox 1490 1664 1704 1713; x_wconf 88' lang='lat' dir='ltr'>proferam</span> <span class='ocrx_word' id='word_1_153' title='bbox 1734 1666 1783 1704; x_wconf 90' lang='lat' dir='ltr'>ut</span> <span class='ocrx_word' id='word_1_154' title='bbox 1813 1664 1876 1704; x_wconf 86' lang='lat' dir='ltr'>sic</span> 
     </span>
     <span class='ocr_line' id='line_1_18' title="bbox 325 1739 1876 1788; baseline -0.001 -8"><span class='ocrx_word' id='word_1_155' title='bbox 325 1743 546 1781; x_wconf 89' lang='lat' dir='ltr'>doctorum</span> <span class='ocrx_word' id='word_1_156' title='bbox 579 1741 748 1779; x_wconf 87' lang='lat' dir='ltr'>eliciam</span> <span class='ocrx_word' id='word_1_157' title='bbox 775 1739 1036 1778; x_wconf 88' lang='lat' dir='ltr'>sententiam</span> <span class='ocrx_word' id='word_1_158' title='bbox 1063 1739 1364 1787; x_wconf 86' lang='lat' dir='ltr'>iudiciumque.</span> <span class='ocrx_word' id='word_1_159' title='bbox 1393 1739 1644 1778; x_wconf 87' lang='lat' dir='ltr'>Versabitur</span> <span class='ocrx_word' id='word_1_160' title='bbox 1670 1749 1770 1788; x_wconf 86' lang='lat' dir='ltr'>ergo</span> <span class='ocrx_word' id='word_1_161' title='bbox 1795 1739 1876 1779; x_wconf 88' lang='lat' dir='ltr'>hoc</span> 
     </span>
     <span class='ocr_line' id='line_1_19' title="bbox 326 1814 1876 1866; baseline -0.002 -10"><span class='ocrx_word' id='word_1_162' title='bbox 326 1819 452 1866; x_wconf 88' lang='lat' dir='ltr'>caput</span> <span class='ocrx_word' id='word_1_163' title='bbox 483 1817 528 1855; x_wconf 89' lang='lat' dir='ltr'>in</span> <span class='ocrx_word' id='word_1_164' title='bbox 559 1827 609 1855; x_wconf 90' lang='lat' dir='ltr'>ea</span> <span class='ocrx_word' id='word_1_165' title='bbox 640 1815 828 1854; x_wconf 87' lang='lat' dir='ltr'>Terentii</span> <span class='ocrx_word' id='word_1_166' title='bbox 860 1814 1089 1864; x_wconf 87' lang='lat' dir='ltr'>comoedia,</span> <span class='ocrx_word' id='word_1_167' title='bbox 1124 1824 1231 1862; x_wconf 90' lang='lat' dir='ltr'>quae</span> <span class='ocrx_word' id='word_1_168' title='bbox 1262 1814 1371 1853; x_wconf 90' lang='lat' dir='ltr'>mihi</span> <span class='ocrx_word' id='word_1_169' title='bbox 1401 1814 1543 1863; x_wconf 89' lang='lat' dir='ltr'>lepore</span> <span class='ocrx_word' id='word_1_170' title='bbox 1575 1815 1618 1853; x_wconf 87' lang='lat' dir='ltr'>et</span> <span class='ocrx_word' id='word_1_171' title='bbox 1647 1815 1876 1855; x_wconf 80' lang='lat' dir='ltr'>venustate</span> 
     </span>
     <span class='ocr_line' id='line_1_20' title="bbox 326 1889 1594 1939; baseline -0.004 -7"><span class='ocrx_word' id='word_1_172' title='bbox 326 1893 478 1933; x_wconf 88' lang='lat' dir='ltr'>ceteris</span> <span class='ocrx_word' id='word_1_173' title='bbox 510 1892 708 1931; x_wconf 90' lang='lat' dir='ltr'>omnibus</span> <span class='ocrx_word' id='word_1_174' title='bbox 739 1892 957 1939; x_wconf 87' lang='lat' dir='ltr'>praestare</span> <span class='ocrx_word' id='word_1_175' title='bbox 988 1890 1168 1939; x_wconf 84' lang='lat' dir='ltr'>videtur,</span> <span class='ocrx_word' id='word_1_176' title='bbox 1203 1889 1457 1928; x_wconf 87' lang='lat' dir='ltr'>Eunuchum</span> <span class='ocrx_word' id='word_1_177' title='bbox 1489 1889 1594 1928; x_wconf 90' lang='lat' dir='ltr'>dico.</span> 
     </span>
    </p>
   </div>
   <div class='ocr_carea' id='block_1_5' title="bbox 873 2160 1327 2200">
    <p class='ocr_par' dir='ltr' id='par_1_5' title="bbox 873 2160 1327 2200">
     <span class='ocr_line' id='line_1_21' title="bbox 873 2160 1327 2200; baseline -0.004 0"><span class='ocrx_word' id='word_1_178' title='bbox 873 2162 1017 2200; x_wconf 70' lang='lat' dir='ltr'>Acriis</span> <span class='ocrx_word' id='word_1_179' title='bbox 1049 2161 1080 2199; x_wconf 88' lang='lat' dir='ltr'>I.</span> <span class='ocrx_word' id='word_1_180' title='bbox 1115 2161 1257 2199; x_wconf 81' lang='lat' dir='ltr'>SGENA</span> <span class='ocrx_word' id='word_1_181' title='bbox 1292 2160 1327 2198; x_wconf 87' lang='lat'>1.</span> 
     </span>
    </p>
   </div>
   <div class='ocr_carea' id='block_1_6' title="bbox 320 2274 1883 3008">
    <p class='ocr_par' dir='ltr' id='par_1_6' title="bbox 322 2274 1871 2476">
     <span class='ocr_line' id='line_1_22' title="bbox 382 2274 1871 2327; baseline -0.003 -8"><span class='ocrx_word' id='word_1_182' title='bbox 382 2280 431 2318; x_wconf 88' lang='lat' dir='ltr'>In</span> <span class='ocrx_word' id='word_1_183' title='bbox 463 2289 637 2318; x_wconf 87' lang='lat' dir='ltr'>scenam</span> <span class='ocrx_word' id='word_1_184' title='bbox 668 2277 808 2327; x_wconf 86' lang='lat' dir='ltr'>prodit</span> <span class='ocrx_word' id='word_1_185' title='bbox 837 2276 1057 2326; x_wconf 88' lang='lat' dir='ltr'>Phaedria,</span> <span class='ocrx_word' id='word_1_186' title='bbox 1092 2286 1117 2315; x_wconf 91' lang='lat' dir='ltr'>a</span> <span class='ocrx_word' id='word_1_187' title='bbox 1148 2275 1307 2314; x_wconf 86' lang='lat' dir='ltr'>Thaide</span> <span class='ocrx_word' id='word_1_188' title='bbox 1338 2285 1417 2313; x_wconf 90' lang='lat' dir='ltr'>sua</span> <span class='ocrx_word' id='word_1_189' title='bbox 1446 2274 1538 2313; x_wconf 88' lang='lat' dir='ltr'>heri</span> <span class='ocrx_word' id='word_1_190' title='bbox 1570 2274 1771 2314; x_wconf 81' lang='lat' dir='ltr'>exclusus</span> <span class='ocrx_word' id='word_1_191' title='bbox 1796 2275 1871 2314; x_wconf 84' lang='lat' dir='ltr'>sed</span> 
     </span>
     <span class='ocr_line' id='line_1_23' title="bbox 322 2348 1871 2403; baseline -0.005 -9"><span class='ocrx_word' id='word_1_192' title='bbox 322 2356 449 2394; x_wconf 91' lang='lat' dir='ltr'>modo</span> <span class='ocrx_word' id='word_1_193' title='bbox 490 2355 727 2403; x_wconf 87' lang='lat' dir='ltr'>revocatus,</span> <span class='ocrx_word' id='word_1_194' title='bbox 773 2363 870 2392; x_wconf 90' lang='lat' dir='ltr'>cum</span> <span class='ocrx_word' id='word_1_195' title='bbox 912 2353 1177 2391; x_wconf 90' lang='lat' dir='ltr'>Parmenone</span> <span class='ocrx_word' id='word_1_196' title='bbox 1219 2361 1355 2389; x_wconf 86' lang='lat' dir='ltr'>servo.</span> <span class='ocrx_word' id='word_1_197' title='bbox 1400 2349 1559 2398; x_wconf 82' lang='lat' dir='ltr'>Quibus</span> <span class='ocrx_word' id='word_1_198' title='bbox 1589 2348 1651 2388; x_wconf 82' lang='grc'>1111</span> <span class='ocrx_word' id='word_1_199' title='bbox 1682 2349 1794 2388; x_wconf 87' lang='lat' dir='ltr'>inter</span> <span class='ocrx_word' id='word_1_200' title='bbox 1824 2359 1871 2388; x_wconf 89' lang='lat' dir='ltr'>se</span> 
     </span>
     <span class='ocr_line' id='line_1_24' title="bbox 322 2425 1487 2476; baseline -0.005 -7"><span class='ocrx_word' id='word_1_201' title='bbox 322 2432 498 2469; x_wconf 89' lang='lat' dir='ltr'>utantur</span> <span class='ocrx_word' id='word_1_202' title='bbox 528 2430 671 2468; x_wconf 87' lang='lat' dir='ltr'>verbis</span> <span class='ocrx_word' id='word_1_203' title='bbox 703 2428 797 2476; x_wconf 90' lang='lat' dir='ltr'>quis</span> <span class='ocrx_word' id='word_1_204' title='bbox 828 2427 996 2466; x_wconf 86' lang='lat' dir='ltr'>nescit?</span> <span class='ocrx_word' id='word_1_205' title='bbox 1029 2426 1104 2467; x_wconf 86' lang='lat' dir='ltr'>Cui</span> <span class='ocrx_word' id='word_1_206' title='bbox 1135 2426 1330 2474; x_wconf 84' lang='lat' dir='ltr'>ignotum</span> <span class='ocrx_word' id='word_1_207' title='bbox 1362 2425 1487 2464; x_wconf 90' lang='lat' dir='ltr'>illud:</span> 
     </span>
    </p>

    <p class='ocr_par' dir='ltr' id='par_1_7' title="bbox 499 2499 1684 2554">
     <span class='ocr_line' id='line_1_25' title="bbox 499 2499 1684 2554; baseline -0.003 -11"><span class='ocrx_word' id='word_1_208' title='bbox 499 2505 605 2554; x_wconf 77' lang='lat' dir='ltr'>Quid</span> <span class='ocrx_word' id='word_1_209' title='bbox 636 2505 766 2554; x_wconf 84' lang='lat' dir='ltr'>igitur</span> <span class='ocrx_word' id='word_1_210' title='bbox 797 2503 985 2542; x_wconf 83' lang='lat' dir='ltr'>faciam?</span> <span class='ocrx_word' id='word_1_211' title='bbox 1016 2503 1110 2541; x_wconf 90' lang='lat' dir='ltr'>Non</span> <span class='ocrx_word' id='word_1_212' title='bbox 1141 2512 1250 2551; x_wconf 87' lang='lat' dir='ltr'>eam,</span> <span class='ocrx_word' id='word_1_213' title='bbox 1284 2511 1337 2539; x_wconf 91' lang='lat' dir='ltr'>ne</span> <span class='ocrx_word' id='word_1_214' title='bbox 1369 2510 1482 2539; x_wconf 88' lang='grc'>1111110</span> <span class='ocrx_word' id='word_1_215' title='bbox 1513 2499 1684 2548; x_wconf 89' lang='lat' dir='ltr'>quidem</span> 
     </span>
    </p>

    <p class='ocr_par' dir='ltr' id='par_1_8' title="bbox 323 2578 1473 2706">
     <span class='ocr_line' id='line_1_26' title="bbox 499 2578 1032 2630; baseline -0.008 -11"><span class='ocrx_word' id='word_1_216' title='bbox 499 2581 634 2630; x_wconf 81' lang='lat' dir='ltr'>Quom</span> <span class='ocrx_word' id='word_1_217' title='bbox 667 2589 859 2619; x_wconf 85' lang='lat' dir='ltr'>arcessor</span> <span class='ocrx_word' id='word_1_218' title='bbox 888 2578 1032 2618; x_wconf 84' lang='lat' dir='ltr'>ultro?</span> 
     </span>
     <span class='ocr_line' id='line_1_27' title="bbox 323 2651 1473 2706; baseline -0.006 -10"><span class='ocrx_word' id='word_1_219' title='bbox 323 2657 424 2706; x_wconf 81' lang='lat' dir='ltr'>Quis</span> <span class='ocrx_word' id='word_1_220' title='bbox 455 2667 539 2695; x_wconf 91' lang='lat' dir='ltr'>non</span> <span class='ocrx_word' id='word_1_221' title='bbox 569 2656 689 2694; x_wconf 87' lang='lat' dir='ltr'>tenet</span> <span class='ocrx_word' id='word_1_222' title='bbox 718 2654 929 2693; x_wconf 90' lang='lat' dir='ltr'>memoria</span> <span class='ocrx_word' id='word_1_223' title='bbox 959 2652 1243 2693; x_wconf 86' lang='lat' dir='ltr'>Horatianum</span> <span class='ocrx_word' id='word_1_224' title='bbox 1274 2651 1416 2690; x_wconf 92' lang='lat' dir='ltr'>locum</span> <span class='ocrx_word' id='word_1_225' title='bbox 1448 2660 1473 2690; x_wconf 92' lang='lat' dir='ltr'>a</span> 
     </span>
    </p>

    <p class='ocr_par' dir='ltr' id='par_1_9' title="bbox 320 2728 1883 3008">
     <span class='ocr_line' id='line_1_28' title="bbox 497 2728 1472 2779; baseline -0.004 -10"><span class='ocrx_word' id='word_1_226' title='bbox 497 2731 683 2779; x_wconf 85' lang='lat' dir='ltr'>Porrigis</span> <span class='ocrx_word' id='word_1_227' title='bbox 714 2731 822 2769; x_wconf 86' lang='lat' dir='ltr'>irato</span> <span class='ocrx_word' id='word_1_228' title='bbox 853 2739 983 2778; x_wconf 87' lang='lat' dir='ltr'>puero</span> <span class='ocrx_word' id='word_1_229' title='bbox 1016 2739 1113 2767; x_wconf 89' lang='lat' dir='ltr'>cum</span> <span class='ocrx_word' id='word_1_230' title='bbox 1144 2738 1272 2776; x_wconf 88' lang='lat' dir='ltr'>poma</span> <span class='ocrx_word' id='word_1_231' title='bbox 1302 2728 1472 2766; x_wconf 87' lang='lat' dir='ltr'>recusat</span> 
     </span>
     <span class='ocr_line' id='line_1_29' title="bbox 321 2801 1883 2856; baseline -0.004 -11"><span class='ocrx_word' id='word_1_232' title='bbox 321 2807 629 2856; x_wconf 84' lang='lat' dir='ltr'>incipientem?</span> <span class='ocrx_word' id='word_1_233' title='bbox 660 2806 712 2844; x_wconf 88' lang='lat' dir='ltr'>Et</span> <span class='ocrx_word' id='word_1_234' title='bbox 742 2806 891 2844; x_wconf 90' lang='lat' dir='ltr'>tamen</span> <span class='ocrx_word' id='word_1_235' title='bbox 923 2815 1029 2852; x_wconf 89' lang='lat' dir='ltr'>quae</span> <span class='ocrx_word' id='word_1_236' title='bbox 1060 2803 1243 2842; x_wconf 86' lang='lat' dir='ltr'>totius</span> <span class='ocrx_word' id='word_1_237' title='bbox 1275 2813 1427 2841; x_wconf 87' lang='lat' dir='ltr'>scenae</span> <span class='ocrx_word' id='word_1_238' title='bbox 1460 2802 1518 2841; x_wconf 88' lang='lat' dir='ltr'>sit</span> <span class='ocrx_word' id='word_1_239' title='bbox 1543 2801 1758 2841; x_wconf 86' lang='lat' dir='ltr'>sententia</span> <span class='ocrx_word' id='word_1_240' title='bbox 1782 2810 1883 2840; x_wconf 89' lang='lat' dir='ltr'>non.</span> 
     </span>
     <span class='ocr_line' id='line_1_30' title="bbox 320 2876 1867 2930; baseline -0.004 -9"><span class='ocrx_word' id='word_1_241' title='bbox 320 2883 444 2921; x_wconf 84' lang='lat' dir='ltr'>facile</span> <span class='ocrx_word' id='word_1_242' title='bbox 481 2882 621 2930; x_wconf 90' lang='lat' dir='ltr'>quivis</span> <span class='ocrx_word' id='word_1_243' title='bbox 652 2883 827 2930; x_wconf 89' lang='lat' dir='ltr'>rogatus</span> <span class='ocrx_word' id='word_1_244' title='bbox 857 2880 1122 2929; x_wconf 86' lang='lat' dir='ltr'>respondeat.</span> <span class='ocrx_word' id='word_1_245' title='bbox 1158 2878 1262 2927; x_wconf 81' lang='lat' dir='ltr'>Quid</span> <span class='ocrx_word' id='word_1_246' title='bbox 1295 2878 1441 2916; x_wconf 83' lang='lat' dir='ltr'>enim?</span> <span class='ocrx_word' id='word_1_247' title='bbox 1471 2878 1634 2917; x_wconf 87' lang='lat' dir='ltr'>Vultne·</span> <span class='ocrx_word' id='word_1_248' title='bbox 1659 2876 1867 2916; x_wconf 87' lang='lat' dir='ltr'>Phaedria</span> 
     </span>
     <span class='ocr_line' id='line_1_31' title="bbox 321 2951 1865 3008; baseline -0.005 -11"><span class='ocrx_word' id='word_1_249' title='bbox 321 2959 418 3008; x_wconf 81' lang='lat' dir='ltr'>post</span> <span class='ocrx_word' id='word_1_250' title='bbox 464 2958 582 2996; x_wconf 87' lang='lat' dir='ltr'>illam</span> <span class='ocrx_word' id='word_1_251' title='bbox 630 2956 889 2996; x_wconf 84' lang='lat' dir='ltr'>exclusionis</span> <span class='ocrx_word' id='word_1_252' title='bbox 931 2955 1143 3006; x_wconf 83' lang='lat' dir='ltr'>iniuriam,</span> <span class='ocrx_word' id='word_1_253' title='bbox 1187 2953 1259 2992; x_wconf 89' lang='lat' dir='ltr'>ubi</span> <span class='ocrx_word' id='word_1_254' title='bbox 1299 2953 1487 3003; x_wconf 88' lang='lat' dir='ltr'>primum</span> <span class='ocrx_word' id='word_1_255' title='bbox 1529 2951 1769 3003; x_wconf 81' lang='lat' dir='ltr'>arcessitur,</span> <span class='ocrx_word' id='word_1_256' title='bbox 1813 2951 1865 2990; x_wconf 86' lang='lat' dir='ltr'>ad</span> 
     </span>
    </p>
   </div>
  </div>
 </body>
</html>
