2002 3464
1014 401 1098 438 228

273 527 323 564 de
350 534 427 565 suo
454 525 645 574 fingere?
671 526 786 564 Nihil
811 525 892 575 hic,
917 526 966 564 ut
991 525 1150 574 opinor,
1179 525 1342 564 faciunt
1366 526 1483 574 leges
1505 527 1827 575 grammaticae.

272 602 365 641 Non
407 603 522 641 enim
562 603 786 650 poetarum
827 601 1001 639 domina
1041 601 1108 639 est
1148 601 1432 648 grammatica
1462 602 1536 640 secl
1568 601 1662 650 ipsa
1690 602 1829 651 poetis

271 678 418 717 servit.
466 679 722 717 Perversum
768 677 912 724 itaque
959 677 1026 714 est
1065 676 1182 714 locos
1223 676 1360 723 qualis
1401 676 1471 715 hic
1513 678 1579 716 est
1620 677 1831 717 eiusmodi

270 753 639 793 observationibus
670 752 897 800 illustrare,
932 751 1084 799 quibus
1116 751 1169 789 ad
1196 751 1364 799 aliquod
1390 752 1701 800 grammaticae
1726 752 1827 792 rele-

269 840 422 878 gamur
454 829 591 877 caput,
625 827 695 866 vel
727 827 779 866 ad
811 837 884 865 eos
916 827 1142 865 annotare:
1181 826 1267 874 „sic
1295 826 1510 865 interdum
1538 829 1658 877 (raro,
1687 831 1828 877 saepe)

267 904 423 952 legitur
455 904 565 952 apud
597 903 795 951 antiquos
826 902 1017 950 poetas?
1050 901 1210 939 Verum
1244 902 1331 939 est:
1363 901 1573 940 eiusmodi
1600 902 1830 942 verborum

267 980 462 1018 ubertate
507 980 688 1018 utuntur
729 978 801 1025 qui
842 977 1143 1016 vehementius
1176 976 1391 1015 commoti
1431 977 1608 1016 intimos
1649 978 1829 1018 affectus

268 1054 402 1093 animi
443 1054 675 1103 proferunt.
718 1053 771 1091 Et
810 1052 878 1091 hic
915 1051 1084 1100 quidem
1119 1061 1254 1090 senex
1285 1052 1431 1090 noster
1463 1052 1537 1091 illa
1567 1053 1829 1093 verbositate

266 1128 480 1178 significat
521 1129 691 1178 penitus
734 1128 814 1167 sibi
857 1127 928 1166 illo
965 1127 1138 1175 quidem
1169 1124 1363 1175 'tempore
1396 1127 1447 1166 de
1477 1126 1554 1166 filii
1585 1127 1830 1168 innocentia

265 1205 398 1244 fuisse
430 1214 697 1254 persuasum,
731 1214 861 1251 seque
893 1203 1004 1241 dulci
1037 1202 1223 1250 quodam
1255 1202 1502 1241 securitatis
1534 1213 1665 1242 sensu
1694 1203 1830 1243 fuisse
1854 1197 1864 1206 “

264 1281 499 1330 perfusum,
529 1291 627 1319 cum
654 1280 716 1318 sic
744 1279 931 1327 quotidie
958 1278 1053 1317 11105
1082 1278 1281 1317 homines
1310 1279 1536 1317 narrantes
1563 1278 1742 1318 audiret.
1770 1279 1830 1320 At

265 1356 370 1395 Eun.
417 1366 481 1394 vs.
531 1356 615 1395 549
663 1354 876 1394 Chaereae
922 1354 1052 1392 verba
1098 1362 1254 1391 nemo
1303 1353 1527 1392 homost
1567 1353 1826 1404 tribuuntur,

265 1431 468 1479 quoniam
510 1441 595 1469 non
630 1431 798 1479 poterat
830 1429 912 1468 alio
944 1428 1071 1467 modo
1104 1428 1246 1476 aptius
1279 1427 1370 1466 eius
1403 1428 1638 1476 indignatio
1670 1428 1827 1478 signifi-

265 1507 352 1545 cari
383 1507 493 1555 quod
524 1516 637 1544 nunc
669 1515 768 1544 cum
800 1515 892 1543 rem
927 1504 1217 1543 laetissimam
1251 1514 1424 1542 narrare
1451 1504 1611 1552 gestiat
1637 1505 1827 1544 amicum

266 1582 499 1630 conspiciat
530 1581 709 1620 nullum.

324 1657 444 1696 Idem
477 1656 665 1696 Chaerea
695 1656 739 1694 in
771 1655 922 1694 eadem
953 1654 1097 1692 fabula
1130 1655 1206 1699 (vs,
1244 1653 1369 1699 1032)
1403 1653 1642 1693 exclamat:

443 1732 474 1771 O
507 1732 732 1781 populares
765 1731 910 1779 ecquis
940 1740 1011 1769 me
1043 1729 1167 1768 hodie
1199 1729 1309 1768 vivit
1339 1729 1628 1768 fortunatior?

444 1809 580 1847 Nemo
611 1807 752 1847 hercle
784 1807 1025 1854 quisquam.

268 1884 331 1923 Ibi
373 1886 519 1923 autem
561 1883 664 1922 illud
705 1893 861 1921 nemo
898 1882 1194 1929 quisquam
1229 1881 1730 1921 accommodatissimum
1761 1884 1829 1922 est

268 1960 433 1999 homini
464 1960 536 2008 qui
567 1969 668 2008 prae
699 1958 853 2007 gaudio
884 1958 960 1996 vix
991 1957 1184 1996 inveniat
1219 1957 1329 2004 quod
1361 1956 1486 1995 dicat.

330 2036 379 2074 In
410 2035 588 2083 Adelph.
622 2034 822 2082 Ctesipho
855 2043 953 2072 cum
985 2031 1087 2071 dicit
1120 2034 1197 2077 (vs.
1233 2032 1316 2070 258
1351 2034 1452 2080 sq.):

446 2111 595 2158 Itaque
626 2120 758 2148 unam
790 2109 901 2147 hanc
931 2118 1024 2147 rem
1055 2117 1126 2146 me
1158 2107 1313 2146 habere
1344 2108 1513 2155 praeter
1539 2107 1646 2148 alios
1671 2108 1826 2157 praeci-

958 2188 961 2189 ’
1413 2185 1557 2231 [puam
1589 2183 1770 2223 arbitror

446 2261 642 2299 Fratrem
684 2259 849 2298 homini
889 2258 1052 2297 nemini
1093 2267 1187 2296 esse
1228 2258 1465 2306 primarum
1497 2258 1656 2297 artium
1686 2258 1827 2307 magis

1518 2333 1768 2382 [principem

271 2412 331 2450 nil
362 2412 491 2450 habet
522 2420 604 2458 quo
635 2409 792 2448 melius
824 2420 954 2457 quam
984 2409 1126 2447 verbis
1157 2408 1370 2446 homini
1396 2409 1606 2447 nemini
1633 2419 1825 2448 amorem

270 2497 398 2526 suum
431 2497 531 2534 erga
563 2486 775 2534 optimum
806 2485 985 2523 fratrem
1016 2482 1239 2532 significet.

331 2562 380 2600 In
419 2562 589 2609 Hecyra
625 2563 702 2606 (vs,
738 2561 835 2605 280)
867 2559 1118 2608 Pamphilus

447 2636 619 2675 Nemini
660 2645 737 2684 ego
777 2635 899 2683 plura
936 2644 1029 2673 esse
1062 2633 1212 2672 acerba
1244 2633 1367 2672 credo
1398 2644 1453 2672 ex
1484 2643 1630 2672 amore
1659 2633 1824 2672 homini

1389 2710 1593 2756 [unquam
1624 2708 1767 2748 oblata

447 2787 585 2836 Quam
614 2786 723 2825 mihi

271 2865 332 2903 ait
344 2876 352 2911 ;
399 2863 472 2901 ubi
512 2862 616 2901 illud
657 2860 869 2900 nemini
911 2859 1121 2898 homini
1162 2859 1313 2906 sponte
1355 2868 1410 2896 ex
1451 2858 1595 2897 animo
1635 2857 1822 2896 miseriis

269 2939 394 2987 plane
426 2938 582 2977 afflicto
614 2937 745 2975 fluere
776 2936 957 2974 videtur.
