2002 3464
1023 401 1076 440 10

269 527 426 565 habeat
455 526 663 564 vocabula
693 526 918 574 tamquam
949 526 1154 574 legitima.
1188 527 1280 564 Hoc
1310 527 1359 564 ut
1390 526 1549 575 doceat,
1579 525 1631 564 ad
1657 535 1721 564 vs.
1749 525 1818 575 95,
1845 560 1847 562 ,

269 601 341 640 ubi
372 601 440 640 his
471 601 614 640 verbis
647 601 856 640 consolari
889 601 1019 640 Thais
1050 602 1196 640 studet
1226 600 1503 640 Phaedriam:
1569 622 1571 624 -

475 677 536 714 Ne
569 676 710 715 crucia
741 677 784 715 te
816 676 1002 726 obsecro,
1037 676 1180 715 anime
1210 676 1284 726 mi,
1319 676 1381 714 mi
1411 676 1622 715 Phaedria

269 753 468 791 annotat:
516 751 638 800 „vide
680 762 810 799 quam
850 751 1122 791 familiariter
1162 752 1242 791 hoc
1282 752 1396 790 idem
1428 752 1584 800 repetit
1603 746 1630 798 ¹)
1662 752 1820 791 blandi-

268 829 478 866 mentum.
526 827 629 866 Vult
676 827 791 866 enim
837 827 1061 867 Terentius
1106 828 1225 867 velut
1271 827 1482 876 peculiare
1523 827 1703 867 verbum
1743 827 1823 867 hoc

270 913 364 942 esse
406 903 602 951 Thaidis3
647 903 740 942 ideo
781 903 910 943 toties
951 903 1114 943 dictum
1156 904 1243 942 est:
1287 903 1434 942 Tune
1476 903 1564 942 1110
1596 913 1720 942 eras
1751 902 1823 942 mi

268 979 577 1017 Phaedria?
619 980 662 1018 et
702 979 773 1018 Ne
815 979 1006 1018 crucia
1036 980 1089 1018 te
1122 979 1376 1028 obsecro,
1412 962 1593 1017 anime
1624 968 1722 1027 mi:
1750 978 1823 1017 mi

268 1053 587 1094 Phaedria.”
637 1054 773 1103 Quam
821 1054 1144 1093 annotationem
1192 1054 1284 1092 ideo
1332 1053 1540 1102 exscripsi
1581 1053 1680 1101 quia
1719 1063 1840 1100 mox>

268 1130 388 1168 utilis
419 1130 540 1169 nobis
573 1140 667 1168 esse
699 1130 867 1178 poterit.
912 1151 916 1156 ·

328 1206 397 1262 Sic
428 1206 558 1244 Thais
589 1205 728 1254 pergit
759 1208 836 1251 (vs.
871 1206 925 1244 96
959 1207 1060 1253 sq.):

386 1281 480 1320 Non
510 1281 580 1329 pol
611 1291 692 1329 quo
725 1290 985 1328 quemquam
1015 1280 1112 1329 plus
1144 1291 1289 1319 amem
1322 1281 1396 1319 aut
1427 1280 1523 1328 plus
1555 1279 1740 1329 deligam

384 1357 443 1395 Eo
475 1356 567 1406 feci,
603 1357 678 1395 sed
710 1357 772 1395 ita
803 1357 895 1395 erat
927 1367 1008 1405 res,
1042 1356 1293 1401 faciundum
1325 1356 1418 1395 fuit.

267 1432 377 1471 Tum
408 1432 536 1471 solita
567 1443 646 1471 sua
677 1432 908 1471 acerbitate
941 1442 1114 1470 servus:

386 1507 530 1558 Credo,
563 1509 612 1546 ut
642 1507 710 1558 fit,
736 1507 898 1546 misera
927 1518 1028 1556 prae
1061 1518 1206 1546 amore
1239 1507 1423 1546 exclusti
1454 1508 1567 1546 hunc
1597 1507 1724 1546 foras.

267 1583 426 1631 Nequis
456 1585 581 1632 putet
612 1583 697 1622 alia
727 1583 892 1622 ratione
924 1583 994 1622 1110
1020 1583 1124 1622 illud
1150 1593 1280 1632 prae
1308 1593 1402 1622 esse
1430 1581 1670 1621 adhibitum
1697 1583 1824 1630 atque

267 1660 338 1698 lex
365 1659 671 1708 grammatices
698 1659 827 1709 iubet,
855 1670 1010 1699 moneo
1037 1657 1334 1710 ἀπροσδόκητον
1353 1659 1565 1706 quoddam
1581 1658 1651 1697 hic
1666 1658 1822 1697 latere:

271 1746 396 1784 „prae
438 1745 654 1775 amore...
700 1734 953 1774 exclusisti’'
992 1735 1053 1774 ait
1083 1735 1295 1773 Parmeno
1328 1734 1450 1782 quasi
1482 1733 1662 1772 diceret:
1699 1743 1825 1783 „prae

267 1821 483 1849 amore...
522 1810 750 1849 admittere
781 1821 867 1849 non
897 1810 1117 1859 potuisti.”

329 1886 423 1924 107.
459 1885 527 1924 Sic
558 1885 851 1924 narrationem
883 1885 1045 1924 orditur
1076 1885 1227 1924 Thais:

489 1962 635 2000 Samia
666 1961 775 2000 mihi
806 1963 947 2001 mater
978 1962 1082 2001 fuit:
1116 1972 1166 2000 ea
1198 1962 1421 2000 habitabat
1452 1961 1601 2000 Rhodi.

266 2039 648 2077 Praestantissima
705 2040 771 2078 est
828 2039 1092 2077 Scholiastae
1149 2038 1391 2077 annotatio:
1454 2037 1636 2087 „Puduit
1687 2038 1825 2078 dicere

267 2115 495 2154 Thaidem:
539 2115 818 2153 meretrix
849 2125 967 2153 mea
998 2115 1179 2153 mater
1209 2114 1341 2163 suit,
1377 2114 1486 2161 quod
1517 2114 1667 2152 tamen
1697 2114 1824 2163 signi-

266 2189 413 2229 ficavit
444 2191 619 2229 dicendo
652 2190 821 2229 aliunde
855 2190 994 2229 civem
1027 2189 1127 2228 alibi
1158 2190 1390 2228 habitasse.
1423 2189 1534 2241 Nam
1566 2186 1659 2226 ideo
1690 2197 1823 2226 mere-

267 2266 397 2305 trices
438 2266 773 2314 peregrinae
816 2265 954 2305 dictae
996 2266 1098 2304 sunt
1133 2265 1178 2303 in
1210 2264 1453 2314 comoediis,
1486 2265 1535 2302 ut
1565 2263 1610 2301 in
1641 2262 1823 2301 Andria:
1870 2253 1873 2255 ’

268 2342 441 2381 adeon
489 2343 575 2380 est
616 2342 876 2381 demens?
918 2352 983 2380 ex
1024 2340 1382 2389 peregrina?’'
1425 2339 1543 2378 Haec
1585 2338 1701 2376 enim
1741 2337 1825 2376 nisi

268 2418 383 2456 esset
400 2417 567 2456 occulta
594 2417 793 2456 adiectivi
812 2417 839 2455 S
853 2416 997 2456 amia
1012 2416 1092 2466 viS,
1113 2426 1220 2464 quae
1238 2416 1353 2454 esset
1369 2414 1556 2454 hocloco
1572 2413 1823 2452 verborum:

838 2493 981 2541 potest
1011 2491 1145 2530 taceri
1176 2492 1256 2530 hoc

269 2579 294 2607 a
324 2569 591 2607 Parmenone
624 2568 975 2616 interpositorum
1006 2567 1253 2606 festivitas?

331 2645 426 2683 110.
470 2644 635 2695 Rogata
677 2643 806 2682 Thais
841 2643 1002 2682 civisne
1033 2642 1179 2681 Attica
1209 2641 1338 2680 fuerit
1368 2641 1510 2690 puella
1541 2641 1625 2691 illa,
1659 2641 1710 2680 de
1742 2650 1826 2688 qua

269 2720 427 2768 narrat,
461 2719 711 2767 respondet:
745 2718 1006 2757 arbitro-r.
1499 2710 1501 2713 ’

304 2855 328 2889 ¹)
358 2854 606 2884 Observandum
622 2854 670 2883 *in
698 2860 858 2890 sermone,
886 2860 950 2887 quo
977 2859 1065 2882 nunc
1092 2851 1242 2880 utentem
1271 2850 1414 2886 legimus
1444 2850 1675 2886 Schffliastam,
1701 2855 1824 2883 susque

270 2907 376 2941 deque
402 2907 518 2936 haberi
537 2906 722 2936 sententias
741 2906 1010 2943 interrogativas,
1029 2905 1078 2934 ita
1096 2904 1134 2933 ut
1152 2904 1344 2939 plerumque
1354 2902 1630 2939 interrogationes
1647 2900 1825 2931 indirectae

271 2959 341 2988 sint
358 2958 394 2987 in
411 2958 604 2996 indicativo,
623 2958 765 2988 directae
786 2958 858 2987 sine
875 2957 944 2987 ulla
963 2964 1063 2986 causa
1083 2955 1331 2986 coniunctivum
1350 2954 1504 2985 habeant.
