2002 3464
901 409 981 449 161

89 557 92 562 ·
152 535 235 576 Sed
274 536 344 576 vel
385 537 448 576 sic
487 536 771 576 iocantem
812 534 1044 582 legendum
1086 542 1161 582 pro
1194 531 1444 570 iocunde.
1479 531 1573 570 Non
1606 531 1722 569 enim

151 613 264 652 sen'o
294 613 370 652 sed
401 613 492 652 ioco
524 622 624 651 eum
657 611 829 650 asinum
863 610 1109 659 appellavit.

213 691 282 730 56.
884 687 953 726 An
985 697 1063 735 ego
1095 685 1366 726 occasionem

270 765 373 804 Mihi
399 766 677 814 ostentatam,
701 765 794 803 tam
812 764 989 802 brevem
1007 764 1100 802 tam
1118 763 1326 811 optatam,
1346 762 1439 800 tam
1457 762 1722 810 insperatam

270 841 564 880 Amitterem‘?

151 915 342 957 Chaerea
381 918 516 966 rogat.
550 916 816 955 Annotatur:
855 915 978 964 „vide
1012 916 1174 963 quanta
1206 913 1386 962 dixerit3
1421 924 1506 953 non
1538 914 1723 953 volun-

150 994 352 1043 tatem,
385 993 460 1032 sed
491 992 807 1032 occasionem.'’
842 992 984 1030 Immo
1016 991 1390 1040 voluptatem.

210 1144 280 1195 IV,
328 1145 364 1194 1,
411 1145 478 1183 11.
521 1144 693 1194 Heus,
738 1155 893 1194 puer,
938 1143 1292 1192 Pamphilam
1336 1153 1565 1182 arcesse
1598 1143 1725 1181 miles

151 1220 224 1265 ait.
267 1220 533 1260 Annotatur:
571 1230 683 1270 „non
714 1230 980 1269 provoca,
1015 1219 1090 1258 sed
1123 1229 1374 1268 arcesse,
1410 1219 1510 1267 quia
1541 1229 1627 1258 non
1659 1220 1726 1257 est

151 1298 301 1346 aptum
341 1296 514 1335 militi.”
557 1296 730 1335 Nullam
772 1306 965 1344 unquam
1006 1295 1095 1334 vidi
1132 1295 1494 1343 praestantiorem
1527 1295 1724 1334 emenda-

150 1355 314 1412 tionem
355 1383 486 1421 quam
527 1372 634 1411 haec
676 1373 743 1411 est
783 1371 1097 1410 Westerhovii:
1141 1381 1207 1420 „n.
1226 1382 1265 1420 p.
1285 1381 1319 1410 s,
1338 1381 1375 1410 a.
1410 1371 1510 1419 quia
1541 1381 1627 1410 non
1659 1372 1726 1409 est

150 1448 291 1498 apud
331 1448 621 1488 militem.”
664 1448 893 1497 Pamphila
935 1447 1052 1487 enim
1094 1447 1270 1486 Thaidis
1308 1447 1425 1486 domi
1457 1448 1561 1496 erat,
1597 1448 1725 1495 atque

150 1523 248 1564 inde
279 1524 441 1564 arcessi
472 1525 641 1573 poterat
672 1534 758 1563 non
788 1524 1035 1573 provocari:
1064 1534 1351 1573 provocamus
1380 1524 1497 1562 enirn
1525 1533 1626 1562 eum
1653 1522 1726 1570 qui

149 1599 376 1640 nobiscum
403 1601 471 1639 est
502 1601 546 1639 in
577 1601 733 1640 iisdem
765 1600 955 1639 aedibus.

166 1771 169 1774 ·
212 1752 283 1802 IV,
303 1753 342 1803 3,
362 1753 402 1792 6.
435 1752 496 1792 Ut
512 1763 590 1802 ego
607 1753 822 1801 unguibus
838 1752 963 1792 facile
981 1752 1041 1791 illi
1060 1752 1104 1791 in
1121 1752 1267 1792 oculos
1284 1753 1474 1792 involem
1491 1752 1695 1793 venefico.

151 1828 334 1878 Pythias
375 1829 449 1869 ait.
482 1829 749 1868 Annotatur:
787 1839 955 1879 „nonne
988 1829 1125 1868 credis
1157 1829 1362 1878 Pythiam
1395 1830 1437 1868 id
1469 1830 1727 1869 comminari

152 1905 265 1953 quod
291 1915 317 1944 a
341 1905 508 1954 virgine
534 1906 681 1944 minus
707 1906 872 1945 factum
899 1905 989 1944 sit?
1016 1906 1126 1954 quod
1149 1906 1249 1954 quia
1265 1906 1408 1955 puella
1424 1916 1510 1945 non
1526 1906 1667 1955 potuit
1678 1907 1726 1946 ‘?’'

153 1981 472 2022 obscurissima
496 1982 615 2021 haec.
644 1982 736 2021 Hoc
762 1967 904 2021 solum
921 1982 1115 2031 intelligo
1125 1982 1422 2021 'Scholiastam
1440 1982 1484 2021 in
1500 1982 1726 2030 Pythiadis

153 2057 280 2098 dictis
311 2058 511 2098 obscoeni
543 2058 703 2107 aliquid
734 2059 869 2098 latere
901 2058 1125 2108 suspicari.

212 2209 283 2261 IV,
317 2210 357 2261 4,
392 2211 461 2250 57.
496 2210 667 2249 Thais
699 2211 807 2250 iam
840 2211 1040 2258 aderit]
1079 2211 1213 2261 „bene
1246 2211 1357 2251 dixit
1389 2211 1598 2262 aderit,
1627 2212 1727 2251 huic

154 2285 268 2326 enim
302 2286 440 2326 aderit
470 2285 644 2326 Thais.”
677 2286 796 2326 Haec
828 2287 928 2335 quid
959 2287 1041 2326 sibi
1072 2287 1256 2327 volunt?

212 2355 372 2412 Neque'
405 2352 557 2412 magis
591 2363 866 2412 perspicuum
909 2365 977 2402 est
1018 2363 1129 2412 quod
1171 2364 1224 2403 ad
1267 2364 1397 2412 quia
1439 2349 1561 2403 cum*
1600 2364 1728 2403 inde

155 2437 289 2478 abeo
345 2440 598 2478 annotatur:
655 2439 814 2489 „aliam
860 2450 1039 2479 causam
1086 2450 1141 2479 ex
1188 2440 1273 2479 alia
1319 2441 1556 2491 supposuit,
1606 2442 1730 2489 quasi

155 2514 315 2554 diceret
345 2514 508 2554 video
551 2516 821 2555 causamss'

214 2666 285 2717 IV,
331 2667 369 2716 7,
415 2668 454 2707 6.
498 2667 734 2716 Postquam
778 2668 942 2707 dictum
984 2670 1051 2707 est
1090 2669 1362 2717 manipulum
1395 2679 1490 2709 esse
1523 2670 1602 2709 sub
1636 2681 1751 2709 cen-⁸

154 2741 335 2792 turione,
370 2743 586 2791 sequitur:
618 2744 799 2793 „merito
827 2755 927 2793 ergo
955 2744 1251 2784 centurionem
1280 2746 1431 2784 videns
1458 2746 1730 2795 manipulum

155 2818 429 2868 desideravit,
477 2819 559 2858 hoc
600 2821 667 2858 est
708 2829 892 2868 coquum
933 2821 1088 2859 videns
1131 2821 1336 2860 convivas
1378 2821 1615 2861 desiderat:
1659 2822 1732 2870 qui

155 2895 451 2945 apparaverat,
495 2895 664 2943 quoties
700 2895 819 2935 locus
852 2896 987 2947 affuit,
1022 2897 1064 2935 id
1097 2899 1164 2936 est
1197 2898 1445 2936 convivium
1477 2899 1545 2937 est
1577 2898 1730 2937 consti·
1778 2899 1781 2903 '

155 2972 344 3022 tutum.†'
402 2971 568 3020 Augiae
619 2972 699 3011 hoc
750 2973 971 3012 stabulum
1022 2973 1204 3023 videtur,
1259 2975 1334 3013 sed
1386 2977 1593 3023 purgatur
1644 2976 1732 3014 fere

1594 3047 1626 3074 11
