2002 3464
907 352 962 391 39

148 479 412 519 Scholiasta:
444 478 602 528 „aliam
629 488 807 517 causam
834 478 1103 518 subtiliorem
1131 479 1326 527 assignat
1352 479 1570 528 parasitus
1586 490 1718 528 quam

147 555 318 595 dixerat
363 554 533 594 miles.”
582 554 865 593 Rectissime:
914 554 1042 593 miles
1088 555 1205 594 enim
1252 565 1299 593 se
1346 555 1537 595 invisum
1579 557 1719 596 reddit

145 631 366 681 gloriando
421 641 469 671 se
515 631 679 670 divitiis
725 631 817 670 suis
864 631 1037 670 facilem
1083 631 1165 670 sibi
1211 632 1264 671 ad
1311 631 1519 688 Thaidem
1566 643 1717 682 parare

145 708 327 748 aditum.
358 707 483 747 Hanc
513 707 723 746 invidiam
755 707 907 746 callide
940 707 991 746 ab
1024 718 1073 747 eo
1105 709 1302 747 removet
1333 708 1517 748 Gnatho.

203 784 412 824 Restante
458 783 592 823 etiam
639 783 800 822 Thaide
846 784 895 822 ut
942 783 1053 833 dona
1099 783 1335 823 Phaedriae
1382 785 1628 825 introducat
1673 787 1717 825 et

144 859 313 917 ancillis
343 859 436 899 suis
467 859 653 908 imperet
683 859 908 910 quaedam,
943 859 1107 899 Thraso
1140 862 1217 906 (vs.
1252 861 1377 907 494):

498 934 587 986 Ego
619 936 719 975 hinc
750 936 868 986 abeo,
902 937 950 975 tu
982 937 1123 976 istanc
1154 938 1359 986 opperire.
1386 957 1391 962 .

142 1009 270 1053 Haec
317 1011 592 1052 Gnathonem
648 1013 776 1052 miles
822 1012 953 1063 iubet,
1002 1014 1229 1062 tamquam
1275 1014 1348 1062 qui
1393 1025 1548 1064 parurn
1596 1018 1718 1056 curet

142 1088 363 1139 Thaidem,
402 1090 631 1137 certusque
662 1089 721 1128 sit
752 1100 851 1128 eam
882 1089 974 1128 suis
1006 1090 1129 1129 donis
1161 1091 1299 1129 teneri
1331 1091 1599 1131 obstrictam.
1634 1093 1716 1132 Sed

141 1172 250 1206 mox
303 1166 491 1205 exeunte
547 1165 708 1205 Thaide
768 1165 997 1205 consilium
1053 1167 1198 1205 mutat
1249 1167 1608 1216 Gnathonemque
1654 1169 1717 1208 sic

142 1241 374 1298 alloquitur
405 1241 545 1288 (499):

643 1318 726 1358 Abi
757 1328 872 1368 prae,
907 1328 1010 1357 cura
1040 1306 1090 1357 ut
1120 1319 1210 1358 sint
1240 1319 1358 1359 domi

172 1423 176 1426 .
497 1394 666 1434 Parata.

123 1472 126 1474 ’
200 1471 363 1512 Abiens
394 1471 526 1511 Thais
557 1472 666 1516 haec
697 1472 899 1520 Pythiadi
931 1472 1112 1512 ancillae
1144 1474 1325 1512 mandat
1358 1475 1455 1520 (501
1490 1477 1621 1523 sqq.):

259 1549 346 1588 Fac
377 1557 513 1598 cures,
547 1548 585 1587 si
617 1547 824 1588 Chremes
855 1548 937 1588 hoc
967 1548 1078 1588 forte
1110 1549 1346 1599 advenerit,

259 1624 321 1664 Ut
346 1635 456 1675 ores,
490 1624 682 1674 primum
712 1625 762 1663 ut
793 1624 963 1663 redeat:
997 1625 1035 1663 si
1067 1625 1109 1664 id
1128 1636 1227 1666 ‚non
1259 1628 1594 1677 commodumst,

260 1701 322 1741 Ut
351 1701 552 1740 maneat:
585 1700 624 1739 si
656 1701 698 1740 id
730 1711 816 1740 non
847 1701 1007 1749 poterit
1038 1701 1091 1740 ad
1123 1712 1194 1741 me
1227 1690 1440 1742 adducito.

140 1777 274 1818 Recte
299 1784 415 1816 nunc
441 1777 542 1816 hoc
568 1776 718 1829 forte
745 1776 903 1825 legitur
929 1787 1004 1825 pro
1032 1777 1136 1816 huc
1162 1778 1334 1828 forte,
1364 1780 1476 1827 quod
1503 1791 1529 1819 a
1555 1780 1716 1820 Thaide

141 1853 225 1893 dici
264 1863 352 1893 non
392 1854 548 1903 potest,
591 1853 796 1901 quoniam
839 1854 955 1892 certo
998 1853 1274 1894 Chremetem
1307 1857 1544 1906 exspectat,
1578 1867 1716 1905 neque

140 1939 328 1979 usquam
369 1929 470 1970 alibi
511 1934 642 1978 quam
680 1930 797 1969 domi
828 1940 946 1969 suae.
979 1930 1057 1969 Est
1088 1931 1237 1970 autem
1269 1932 1369 1971 hoc
1400 1933 1572 1972 forte:
1610 1933 1717 1982 „hoc

140 2005 351 2055 temporis
381 2005 623 2056 intervallo,
657 2006 761 2045 dum
793 2016 871 2055 ego
903 2006 1013 2045 forte
1047 2006 1244 2046 absum.’'

200 2081 393 2122 Tandem
425 2081 526 2128 (504
559 2083 662 2130 sq.):

207 2151 211 2155 ’
658 2158 782 2207 quid!
816 2159 917 2207 quid
949 2159 1065 2198 aliud
1097 2159 1214 2198 volui
1246 2160 1418 2199 dicere?

438 2234 598 2274 Ehem:
633 2236 780 2274 curate
812 2235 945 2274 istam
978 2235 1206 2285 diligenter
1236 2236 1463 2285 virginem.

141 2311 204 2350 Ne
229 2310 327 2359 quis
353 2311 522 2360 ignoret
547 2311 648 2360 quid
675 2312 782 2350 haec
807 2312 890 2350 sibi
916 2312 1064 2362 velint,
1093 2312 1300 2352 lectorem
1328 2324 1483 2353 moneo
1510 2314 1716 2354 festinare

141 2386 374 2427 Thaidem:
408 2387 612 2436 intelligit
643 2388 760 2427 enirn
791 2388 979 2427 militem
1011 2389 1139 2428 irasci
1171 2399 1255 2428 non
1289 2399 1384 2428 esse
1417 2401 1440 2429 e
1471 2401 1516 2429 re
1548 2401 1640 2429 sua.
1731 2383 1739 2387 “

201 2463 320 2503 Haec
360 2463 434 2502 ubi
475 2463 600 2514 dicta,
646 2464 699 2503 ad
740 2464 927 2503 militem
970 2466 1200 2504 coenatum
1243 2465 1403 2505 abeunt
1443 2467 1571 2506 miles
1608 2467 1712 2517 ipse,

141 2539 285 2590 Thais,
319 2539 502 2579 Gnatho.
