2002 3464
921 375 999 412 181

237 503 303 542 12.
347 501 453 551 Ego
495 500 675 540 dicam
708 499 840 546 tibi]
878 498 1040 549 „senile
1073 499 1151 548 est,
1185 509 1288 538 nam
1321 499 1362 538 id
1395 500 1484 539 iam
1516 500 1743 540 dicendum

172 578 267 628 fuit,
301 578 345 618 et
375 578 456 617 hoc
485 574 656 627 ἔμφασιν
689 575 819 614 habet
853 575 951 617 vilis
983 575 1057 624 rei,
1091 585 1200 623 quae
1233 575 1300 614 vel
1332 576 1456 615 facile
1483 576 1566 615 dici
1591 576 1741 626 possit,

172 654 242 694 vel
287 664 373 694 non
420 652 596 693 celanda
631 651 731 690 sit.”
768 651 835 690 Sic
869 651 1115 700 accipienda
1147 651 1253 690 haec
1285 652 1455 700 opinor:
1492 652 1744 702 „exordium

173 739 270 779 ego
297 728 475 769 dicam
502 727 608 767 tibi
635 727 910 776 loquacitatis
937 728 1086 767 senilis
1113 729 1192 778 est,
1222 727 1465 777 indicatque
1493 728 1534 768 id
1552 729 1663 776 quod
1680 739 1741 767 se-

172 805 317 855 quitur
342 815 427 845 non
453 814 549 844 esse
570 804 718 852 magni
735 804 959 853 momenti,
979 814 1116 852 neque
1129 803 1363 852 quidquam
1381 805 1526 844 arcani
1542 805 1743 844 habere.'’

235 881 287 921 18
317 891 380 930 sq.
816 879 955 919 Aeso-h.
991 880 1125 919 Perii!
1160 879 1230 919 Mi.
1267 879 1373 930 Quid
1406 881 1504 920 est?

409 955 549 996 Aesch.
583 956 711 1005 Nihil,
746 957 873 1006 recte,
908 966 1049 1005 perge.

228 1031 404 1082 Nihil,
438 1033 617 1078 recte]
652 1033 719 1082 „id
747 1033 825 1082 est,
855 1033 970 1071 recte
998 1033 1109 1081 quod
1136 1032 1254 1081 perii.
1284 1033 1337 1072 Et
1353 1033 1450 1072 vide
1467 1032 1743 1082 trisyllabum

170 1107 400 1149 artificiose
433 1118 528 1147 esse
560 1108 816 1157 subiectum,
851 1109 900 1147 ut
931 1108 1004 1156 qui
1035 1107 1180 1156 perii
1213 1108 1335 1158 dixit,
1364 1108 1439 1147 vix
1466 1109 1547 1148 hoc
1573 1109 1743 1148 locutus

169 1184 304 1225 fuisse
337 1185 575 1224 videatur.'’
608 1184 788 1233 Egregie
819 1183 1078 1232 Wielingius
1110 1184 1422 1232 trisyllabo
1450 1195 1525 1234 pro
1552 1185 1743 1233 trisyl-

169 1261 368 1301 labum.
411 1260 608 1300 Primum
642 1260 759 1299 enim
791 1259 1015 1308 trisyllabo
1042 1259 1189 1309 perii
1221 1260 1465 1300 Aeschinus
1500 1271 1604 1300 usus
1636 1261 1740 1310 erat,

169 1337 283 1377 nunc
314 1347 467 1377 vocem
498 1336 772 1385 trisyllabam
805 1336 930 1375 edere
961 1336 1051 1374 iam
1082 1346 1167 1374 non
1197 1337 1353 1385 potest.

231 1413 300 1454 26.
342 1413 532 1453 Nonne
575 1414 718 1453 haec·
744 1413 899 1452 iusta
930 1412 1038 1452 tibi
1070 1413 1339 1452 videntur
1370 1415 1594 1463 postea]
1632 1414 1743 1464 „Sci-

169 1489 272 1529 licet
302 1489 377 1529 illa
409 1499 518 1538 quae
552 1489 718 1528 amicus
751 1490 853 1528 tuus
886 1489 1057 1528 dixerat
1088 1489 1207 1538 prius
1239 1499 1370 1538 quam
1398 1490 1504 1529 haec
1531 1490 1744 1530 audires.'’

169 1565 374 1605 Deleatur
419 1576 572 1614 quae.
622 1566 731 1604 Tota
778 1565 1000 1605 annotatio
1041 1575 1293 1614 perversam
1326 1566 1518 1605 continet
1548 1567 1747 1606 vocabuli

169 1642 372 1692 postea
413 1641 760 1691 explicationem.
794 1641 967 1681 Etenim
997 1642 1198 1691 postea
1224 1641 1305 1692 hic,
1335 1643 1384 1681 ut
1410 1652 1539 1691 saepe
1566 1643 1743 1693 hodie,

170 1717 488 1758 stomachantis
520 1719 587 1758 est
619 1719 662 1757 et
695 1728 794 1757 cum
827 1718 1014 1766 quadam
1046 1717 1281 1757 acerbitate
1312 1718 1541 1766 loquentis.

231 1795 300 1834 32.
351 1793 581 1844 Quicum
627 1794 731 1833 illa
778 1794 1105 1840 consuevit]
1159 1793 1342 1843 „legitur
1389 1795 1432 1833 et
1474 1794 1657 1845 illam,
1703 1797 1746 1835 et

170 1870 370 1910 dicebant
411 1871 582 1910 veteres
615 1871 756 1910 hanc
787 1881 900 1910 rem
933 1870 1280 1916 consuevit.'’
1314 1871 1448 1920 Lege:
1486 1871 1670 1921 „legitur
1702 1874 1744 1912 et

171 1945 265 1995 qui
297 1946 501 1986 illam.”

230 2023 300 2062 51.
455 2023 505 2063 In
537 2033 621 2072 qua
653 2023 830 2063 civitate
862 2023 1040 2063 tandem
1072 2024 1115 2062 te
1148 2009 1357 2063 arbitrare
1388 2024 1566 2064 vivere?

171 2099 312 2139 Verba
357 2100 465 2139 haec
510 2101 613 2139 sunt
659 2100 865 2150 Micionis‚
915 2100 1033 2140 senis
1079 2100 1293 2139 lenissimi
1340 2101 1392 2140 ad
1435 2099 1574 2140 filium
1621 2102 1744 2151 adop-

171 2174 326 2215 tivum.
360 2175 481 2215 Sch.:
515 2176 569 2215 in
601 2186 704 2225 qua
736 2176 1004 2223 civitate]
1043 2176 1167 2226 „vide
1200 2187 1351 2216 omnes
1379 2178 1620 2217 sententias
1646 2178 1746 2227 poni

171 2252 464 2292 accusatorias
501 2253 545 2292 et
575 2252 684 2292 nihil
715 2253 889 2292 amoris.
924 2252 1004 2292 Isti
1035 2254 1138 2292 sunt
1170 2253 1415 2292 orationum
1448 2254 1611 2293 colores
1643 2255 1744 2294 diffi-

171 2327 344 2368 cillimi:
377 2329 453 2368 sed
486 2329 722 2369 elaboravit
754 2329 981 2369 Terentius
1012 2329 1241 2369 Micionem
1272 2309 1413 2369 facere
1445 2330 1600 2370 leniter
1627 2341 1745 2370 accu-

171 2405 344 2444 santem
386 2406 430 2444 et
461 2405 660 2445 inducere
692 2405 901 2445 Demeam
934 2406 1165 2445 durissime
1196 2406 1534 2446 blandientem.”
1568 2407 1746 2456 Egregie

106 2499 108 2502 ·
171 2481 430 2530 Wielingius
461 2491 536 2530 pro
568 2481 713 2521 nihil
751 2483 961 2522 amoris
993 2483 1185 2532 reposuit
1216 2483 1379 2522 nimii
1412 2484 1635 2534 amoris,
1671 2485 1745 2523 sed

170 2558 395 2607 praeterea
450 2568 525 2607 pro
582 2558 935 2598 difficillimi
985 2559 1153 2606 requiro
1202 2559 1612 2610 dissimillimi,
1663 2571 1747 2609 qua

171 2643 277 2673 voce
324 2644 431 2683 opus
478 2634 548 2673 hic
593 2645 689 2694 esse
739 2635 805 2675 vel
852 2646 938 2675 una
983 2636 1196 2685 particula
1236 2636 1343 2687 sed,
1387 2647 1497 2685 quae
1538 2637 1744 2686 sequitur,

173 2709 466 2749 demonstrat:
504 2712 633 2760 „sunt
663 2711 886 2760 quidem
918 2711 1082 2751 colores
1114 2711 1379 2751 accusatoris
1406 2714 1450 2751 et
1475 2713 1585 2752 lenis
1611 2697 1749 2762 patris

173 2784 468 2836 dissimillimi,
512 2787 587 2826 sed
630 2787 710 2826 hoc
750 2782 894 2837 ipsum
932 2788 1069 2828 voluit
1100 2788 1339 2828 Terentius.
1375 2788 1747 2838 Quemadmodum

174 2861 291 2901 enim
332 2861 543 2902 Demeam
584 2873 689 2902 mox
731 2863 951 2903 duriter
987 2864 1377 2903 blandientem
1409 2865 1549 2911 faciet,
1584 2864 1647 2903 sio
1678 2865 1777 2903 hic.

175 2925 404 2978 Micionem
451 2938 614 2978 inducit
660 2939 872 2979 leniter
915 2941 1323 2979 accusantem.'’
1369 2940 1486 2989 Quod
1528 2941 1571 2979 in
1614 2941 1748 2980 altero
