2002 3464
887 382 942 421 45

191 508 276 548 583
308 517 400 557 sqq.
432 507 545 546 Dum
577 508 808 556 apparatur
841 507 1070 553 (balneum)
1103 507 1225 556 virgo
1258 507 1301 545 in
1335 506 1527 546 conclavi
1559 507 1682 545 sedet

249 585 511 634 Suspectans
551 584 745 623 tabulam
788 585 1005 632 quandam
1047 584 1232 633 pictam;
1271 584 1329 623 ibi
1361 583 1501 623 inerat
1531 583 1700 633 pictura

1323 662 1456 711 [haec,
1491 661 1640 700 Iovem

248 736 337 787 Quo
377 738 504 787 pacto
544 737 718 776 Danaae
758 737 934 777 misisse
977 737 1099 776 aiunt
1139 737 1355 786 quondam
1398 737 1441 776 in
1483 737 1699 796 gremium

1214 812 1414 859 [imbrem
1447 823 1639 852 aureum.

128 887 307 939 Egregie
347 888 418 929 hic
458 889 583 929 docet
626 889 868 928 Scholiasta
909 889 1075 928 nullam
1117 889 1312 928 tabulam
1354 889 1516 938 pictam
1553 889 1700 928 domui

128 964 400 1023 meretriciae
436 965 646 1014 aptiorem
690 975 786 1004 esse
829 975 959 1013 quam
1001 965 1124 1015 hanc,
1169 965 1323 1014 quippe
1367 965 1411 1004 in
1453 975 1537 1014 qua
1579 975 1700 1005 amor

128 1041 323 1092 depictus
353 1041 413 1082 sit
442 1052 529 1082 non
560 1042 776 1091 gratuitus
807 1042 883 1081 sed
915 1052 1018 1081 auro
1050 1042 1230 1081 venalis.

191 1118 310 1168 „Hac
356 1117 546 1167 imagine
593 1118 869 1157 admonitus''
919 1117 1109 1157 Chaerea
1155 1117 1218 1156 ait
1267 1118 1374 1167 „hoc
1415 1118 1699 1167 reputabam”

128 1196 207 1240 (vs.
241 1194 326 1234 588
359 1196 462 1243 sq.):

217 1269 357 1309 Deum
382 1280 480 1310 sese
506 1269 800 1331 inhominem
828 1269 1094 1309 convertisse
1121 1271 1249 1319 atque
1277 1270 1322 1309 in
1348 1270 1512 1309 alienas
1534 1269 1703 1318 tegulas

216 1346 398 1386 Venisse
431 1346 673 1386 clanculum
707 1357 782 1395 per
813 1347 1010 1395 pluvium
1042 1347 1190 1386 fucum
1223 1347 1388 1386 factum
1420 1347 1605 1385 mulieri.

127 1423 372 1474 Bentlejus:

246 1499 386 1540 Deum
412 1511 509 1540 sese
535 1500 580 1540 in
605 1500 794 1550 pretium
822 1500 1088 1539 convertisse
1117 1502 1161 1540 et
1186 1511 1262 1550 per
1288 1501 1452 1540 alienas
1479 1500 1649 1549 tegulas

246 1576 429 1617 Venisse
461 1587 497 1617 e.
517 1587 555 1626 q.
574 1587 608 1616 s,

129 1653 212 1692 Sed
251 1653 320 1693 ve]
363 1653 428 1693 sic
468 1653 696 1703 displicent
736 1664 902 1692 versus.
948 1653 1085 1702 Quam
1124 1654 1241 1693 'enim
1273 1665 1387 1694 nunc
1419 1655 1471 1694 ab
1505 1655 1704 1703 exemplo

129 1728 246 1768 Iovis
291 1729 619 1768 excusationem
661 1729 770 1778 petit
812 1728 1033 1768 Chaerea?
1075 1730 1237 1769 Versus
1279 1730 1342 1769 sic
1382 1730 1520 1770 reficti
1562 1731 1703 1779 magis

115 1804 284 1844 'docent
315 1814 424 1861 quae
455 1805 523 1843 vis
555 1805 648 1844 auri
680 1805 739 1844 sit
775 1815 906 1853 quam
934 1807 1145 1853 quantum
1173 1807 1339 1845 amanti
1366 1806 1506 1845 liceat.
1538 1807 1700 1846 Schol.:

134 1880 319 1931 „Utrum
361 1880 461 1929 quia
502 1881 664 1930 Iupiter
705 1881 897 1920 humana
937 1882 1078 1920 forma
1115 1892 1268 1921 aurum
1302 1882 1531 1921 infundens
1563 1883 1704 1931 pictus

130 1957 225 1996 erat
250 1955 295 1996 in
321 1956 493 2006 tabulis,
522 1967 608 1996 non
634 1966 709 2005 pro
737 1957 838 1996 Iove
866 1967 1020 1995 aurum
1032 1957 1080 1996 ’.γ’
1109 1957 1163 1996 Et
1179 1957 1242 1996 sic
1258 1958 1347 1996 fere
1366 1958 1702 2007 Oudendorpius.

131 2032 214 2072 Sed
255 2032 440 2072 fortasse
481 2043 567 2071 non
607 2032 740 2071 nimis
781 2032 851 2072 hic
893 2034 995 2072 sunt
1035 2034 1227 2082 urgenda
1263 2034 1484 2083 vocabula,
1520 2027 1702 2082 quando-

131 2107 304 2157 quidem
346 2108 391 2148 in
432 2108 505 2148 illo
547 2108 771 2147 alienas
813 2108 962 2148 insunt
1003 2109 1172 2148 omnia:
1220 2109 1409 2159 „Iupiter
1441 2110 1484 2148 in
1517 2110 1704 2149 alienam

98 2176 99 2180 ’
129 2183 308 2224 domum
350 2184 545 2234 irrepsit;
590 2185 690 2233 quid
732 2185 777 2224 ni
819 2186 862 2224 et
895 2195 972 2234 ego
1004 2185 1113 2224 mihi
1145 2185 1189 2224 in
1221 2186 1347 2225 domo
1380 2185 1521 2225 aliena
1546 2187 1705 2235 largiar

130 2259 290 2309 aliquid
301 2261 350 2300 ?'’
394 2260 546 2300 Cetera
587 2261 819 2300 abundant.
865 2261 1136 2310 Quamquam
1169 2263 1222 2301 ad
1254 2262 1392 2301 istud:
1430 2273 1542 2312 „non
1573 2263 1704 2302 nimis

131 2336 322 2384 urgenda
352 2336 526 2376 omnia”
560 2336 604 2375 in
637 2337 836 2376 Terentio
869 2337 1033 2376 invitus
1066 2337 1276 2387 confugio.

84 2402 86 2404 ’
191 2421 256 2451 vs.
286 2412 385 2451 591.
413 2412 501 2462 Ego
522 2413 753 2452 homuncio
771 2413 851 2452 hoc
869 2424 954 2453 non
970 2414 1159 2453 facerem
1171 2415 1192 2453 ἱ)
1210 2424 1287 2463 ego
1305 2414 1409 2453 illud
1426 2425 1528 2453 vero
1546 2415 1608 2453 ita
1623 2414 1705 2454 feci

1381 2494 1447 2538 [ac
1478 2491 1642 2530 lubens.

191 2565 354 2604 Bent1.:
418 2565 505 2615 Ego
552 2567 783 2606 homuncio
826 2567 906 2607 hoc
948 2578 1034 2607 non
1074 2568 1284 2607 fecerim?
1327 2579 1404 2618 ego
1451 2580 1553 2608 vero
1600 2569 1704 2608 illud
1763 2580 1767 2584 ‘

1171 2645 1364 2691 [fecerim
1397 2655 1446 2684 ac
1478 2645 1642 2685 lubens.

134 2715 252 2767 Quod
283 2717 435 2767 probat
465 2719 759 2769 Ruhnkenius,
794 2720 875 2759 hoc
906 2722 1212 2769 argumentum
1242 2721 1450 2760 afferens:
1483 2722 1703 2770 „futurum

131 2795 305 2843 tempus
331 2794 574 2844 requiritur,
603 2805 688 2834 non
715 2795 1041 2844 praeteritum.’'
1071 2781 1188 2845 Quod
1215 2796 1338 2835 nihili
1366 2798 1444 2846 est,
1475 2808 1514 2836 ν.
1535 2808 1598 2836 vs.
1618 2799 1702 2837 606

132 2871 177 2910 et
208 2869 293 2910 Cic,
326 2880 401 2919 pro
434 2870 598 2910 Cluent.
627 2873 650 2917 ἓ
678 2872 747 2910 45.
776 2871 829 2909 Et
856 2871 988 2910 etiam
1017 2882 1170 2910 versus
1198 2873 1415 2911 emendati
1443 2873 1579 2912 altera
1604 2885 1704 2923 pars

132 2946 276 2995 inepte
309 2946 496 2994 languet.
