2002 3464
1019 428 1073 466 86

270 550 401 589 faciat
442 551 564 589 alius.
602 550 656 588 Et
687 551 770 588 nisi
801 550 991 599 puderet,
1025 534 1155 589 durus
1187 553 1303 590 esset
1334 553 1475 602 homo,
1510 554 1704 602 agrestis,
1733 554 1823 594 bar-

269 626 410 664 barus.
448 626 531 674 „At
562 625 675 663 idem
708 626 883 664 tamen”
913 625 1072 664 dixeris
1103 626 1232 675 „illud
1258 627 1309 666 de
1335 628 1544 666 Bacchide
1572 629 1827 668 arcessenda

270 701 444 739 dederat
471 701 739 739 consilium.”
769 700 965 739 Alteram
992 711 1090 749 ergo
1108 702 1206 740 audi
1224 702 1486 742 Scholiastae
1503 687 1825 743 annotationem

269 776 322 813 ad
362 786 445 814 vs.·
471 776 578 814 720:
626 775 766 824 „Bene
808 776 981 814 servata
1023 777 1124 815 sunt
1163 778 1357 825 personis
1394 779 1682 827 congruentia.
1714 779 1826 819 Nam

267 861 465 890 socerum
505 861 680 890 monere
722 851 832 890 hanc
873 861 965 890 rem
1002 852 1174 891 tantum
1206 853 1357 903 decuit,
1391 864 1476 892 non
1508 854 1640 893 etiam
1671 854 1823 905 facere,

266 928 315 965 ut
346 937 445 965 cum
475 927 625 975 pellice
655 925 768 965 filiae
801 937 905 965 suae
937 927 1088 966 mitius
1119 928 1520 968 sermocinaretur.”

325 1002 571 1041 Admonent
611 1012 682 1040 me
715 1002 978 1041 Scholiastae
1010 1002 1061 1040 de
1093 1002 1290 1042 Terentio
1320 1002 1625 1052 usquequaque
1657 1005 1824 1045 urbani-

265 1078 369 1116 tatis
400 1077 613 1116 rationem
639 1077 834 1127 habente,
865 1078 992 1125 atque
1019 1078 1112 1117 ideo
1139 1061 1266 1127 saepe
1295 1081 1515 1118 auctorem
1537 1091 1665 1119 suum
1683 1091 1823 1120 emen-

267 1153 406 1202 dante,
451 1153 750 1191 annotationes
786 1154 835 1191 ut
866 1163 1001 1201 pauca
1033 1154 1243 1201 quaedam
1274 1155 1364 1203 ipse
1396 1155 1447 1193 de
1478 1155 1665 1194 Andriae
1695 1166 1826 1195 versu

267 1228 451 1275 quodam
493 1230 709 1267 annotem.
752 1228 894 1267 Etiam
936 1239 1049 1268 nunc
1090 1239 1218 1278 saepe
1259 1230 1390 1269 verba
1422 1230 1609 1270 Simonis
1642 1233 1720 1276 (vs.
1753 1231 1823 1277 40)

270 1303 410 1352 „haud
440 1305 562 1342 muto
594 1304 784 1359 factum'’
817 1304 899 1342 viri
926 1304 1039 1343 docti
1065 1304 1284 1344 illustrant
1311 1306 1497 1345 docendo
1523 1307 1664 1354 legem
1690 1306 1824 1346 fuisse

267 1378 378 1426 apud
404 1378 634 1428 Romanos,
664 1389 747 1427 qua
772 1380 950 1427 patrono
977 1379 1126 1418 liceret
1152 1381 1369 1428 ingratum
1395 1381 1597 1420 libertum
1623 1382 1668 1420 in
1693 1382 1823 1421 servi-

265 1454 406 1492 tutem
447 1454 677 1493 retrahere.
719 1454 868 1492 Nonne
911 1465 1010 1502 ergo
1051 1455 1243 1494 sentiunt
1281 1466 1410 1504 quam
1441 1457 1499 1495 sit
1530 1457 1821 1506 invenustum,

266 1528 565 1579 inhumanum,
596 1527 869 1579 ἀπειρόκαλον,
895 1530 940 1568 111
967 1530 1173 1578 colloquio
1202 1541 1300 1569 cum
1328 1531 1460 1581 Sosia,
1480 1532 1551 1571 illo
1567 1532 1824 1580 probissimo

268 1602 603 1652 fidelissimoque
635 1605 899 1654 mortalium,
933 1607 1025 1644 tam
1057 1607 1186 1644 durae
1217 1606 1325 1655 legis
1356 1608 1622 1646 mentionem
1652 1608 1824 1647 facere?

266 1679 324 1717 At
350 1680 487 1718 sensit
513 1680 593 1718 hoc
621 1681 871 1730 Scholiasta,
902 1681 973 1729 qui
1000 1691 1188 1719 errorem
1214 1681 1337 1720 illum
1363 1683 1587 1731 vetustum
1613 1682 1702 1722 iam
1728 1693 1823 1722 esse

264 1764 342 1792 nos
384 1754 506 1793 docet
547 1755 590 1792 et
631 1755 693 1793 sic
730 1766 829 1794 eum
856 1756 1037 1794 refutat:
1069 1755 1250 1805 „Haud
1280 1758 1431 1796 muto
1462 1757 1698 1796 factum:
1730 1758 1824 1799 Non

262 1839 333 1867 me
374 1829 576 1878 poenitet,
610 1840 713 1868 narn
745 1831 782 1869 si
814 1831 913 1879 quid
944 1813 1300 1879 poeniteretinf
1309 1834 1494 1871 ectum
1534 1832 1684 1871 velle
1716 1814 1822 1872 dice-

261 1904 377 1943 bant.
410 1905 479 1943 An
510 1905 747 1944 secundum
778 1906 857 1955 ius,
888 1907 998 1954 quod
1026 1907 1232 1945 adversus
1259 1907 1435 1946 libertos
1463 1908 1655 1956 ingratos
1678 1909 1756 1958 est,
1774 1909 1824 1947 ut

260 1979 304 2017 in
331 1980 587 2019 servitutem
614 1982 898 2020 revocentur?
928 1983 1009 2021 Sed
1035 1983 1116 2021 hoc
1142 1993 1228 2021 non
1256 1984 1456 2022 convenit
1473 1994 1623 2023 senem
1640 1985 1821 2023 dicere.''

319 2054 372 2096 Β.
414 2056 638 2095 Terentius
680 2067 850 2105 semper
891 2058 935 2096 in
977 2059 1171 2107 tempore
1213 2059 1397 2098 consulit
1435 2059 1727 2098 oeconomiae:
1768 2069 1822 2098 ne

258 2130 426 2170 fabulae
459 2131 602 2170 exitus
634 2133 945 2181 spectatoribus
977 2133 1235 2172 incredibilis
1262 2135 1458 2173 videatur
1484 2135 1572 2174 iam
1600 2135 1644 2173 in
1669 2134 1822 2183 primis

257 2206 398 2244 scenis
440 2207 560 2254 ponit
591 2208 802 2255 quaedam
835 2206 987 2256 quibus
1020 2208 1155 2247 animi
1187 2219 1334 2247 eorum
1365 2210 1683 2259 praeparentur,
1717 2219 1820 2248 nam

258 2282 512 2321 verisimilia
554 2283 698 2321 omnia
740 2293 834 2322 esse
874 2283 980 2322 vult.
1024 2284 1142 2322 Haec
1183 2286 1249 2323 est
1290 2284 1363 2323 illa
1401 2284 1600 2334 Terentii,
1634 2284 1763 2324 toties
1796 2295 1822 2324 a

261 2355 501 2396 Scholiasta
555 2358 741 2408 laudata,
799 2358 1134 2408 vigilantia,
1195 2358 1315 2397 cuius
1366 2369 1501 2398 unum
1547 2359 1617 2398 hic
1662 2370 1820 2410 ponam

262 2432 522 2482 exemplum,
566 2434 677 2481 quod
718 2433 855 2472 instar
896 2433 1091 2472 omnium
1123 2434 1200 2472 est.
1235 2433 1421 2472 Andriae
1452 2434 1621 2473 fabulae
1652 2434 1723 2473 hic
1753 2436 1820 2474 est

261 2506 404 2546 exitus
450 2509 499 2546 ut
544 2508 796 2556 Pamphilus
842 2509 1101 2558 adolescens,
1147 2508 1252 2547 civis
1293 2509 1465 2548 Atticus
1506 2509 1686 2548 honesto
1727 2510 1819 2549 loco

261 2582 402 2631 natus,
449 2582 694 2630 Glycerium
736 2584 952 2631 quandam
992 2593 1173 2622 uxorem
1217 2584 1355 2633 ducat,
1398 2585 1520 2633 patre
1561 2595 1647 2623 non
1677 2585 1818 2624 solum

259 2652 538 2705 permittente
584 2659 659 2696 sed
705 2658 838 2697 etiam
884 2659 1107 2707 gaudente.
1155 2659 1278 2697 Hanc
1324 2659 1439 2698 enim
1487 2659 1733 2708 Glycerium
1774 2661 1818 2699 et

258 2732 399 2780 ipsam
442 2733 582 2772 civem
623 2744 718 2773 esse
759 2734 951 2773 Atticam
992 2734 1222 2784 apparebit,
1266 2735 1341 2773 sed
1373 2745 1519 2774 amare
1551 2746 1647 2774 eam
1679 2734 1817 2783 coepit

261 2807 512 2856 Pamphilus
538 2809 582 2846 in
609 2809 734 2848 domo
760 2809 1025 2858 meretricia;
1055 2810 1206 2848 educta
1233 2811 1348 2850 enim
1376 2812 1442 2849 est
1464 2811 1578 2859 ‘apud
1604 2811 1812 2850 Andriam

261 2882 526 2930 Chrysidem.
561 2884 676 2933 Quid
719 2896 817 2934 ergo
849 2887 999 2934 poetae
1031 2887 1098 2924 est
1129 2887 1373 2934 agendum?
1404 2887 1578 2925 Efficere
1610 2886 1734 2925 debet
1764 2887 1813 2925 ut

259 2959 523 3006 spectatores
565 2960 739 2998 credant
781 2960 945 2999 nullam
986 2962 1134 2999 tamen
1176 2952 1358 3009 Glycerii
1399 2961 1541 3000 famae
1583 2961 1813 3001 adhaerere
