2002 3464
989 364 1069 402 152

248 486 266 522 t
278 495 303 522 a
314 495 334 522 r
347 485 403 523 i.”
450 485 556 524 Mira
597 486 702 524 haec
733 486 1015 525 ratiocinatio.
1049 487 1081 525 L
1094 497 1119 525 a
1130 497 1153 525 e
1164 488 1183 526 t
1195 497 1221 526 a
1231 498 1251 526 r
1263 488 1276 526 i
1308 489 1359 527 ab
1392 489 1602 527 oscitante
1633 489 1806 529 librario

248 559 456 608 scriptum
487 571 562 609 pro
593 571 621 609 g
631 572 652 599 r
663 571 689 600 a
699 562 718 599 t
728 561 820 600 ula
831 561 889 600 ri.

305 710 355 760 V,
388 711 426 759 6,
465 711 529 749 11.
563 710 849 760 Pamphilum,
880 711 947 750 cui
974 712 1271 761 inexspectata
1297 714 1450 762 obtigit
1475 715 1671 765 felicitas,
1701 713 1802 754 Cha-

246 785 377 834 rinus,
426 796 553 833 quem
601 786 733 825 etiam
775 787 976 835 torquent
1008 797 1134 826 curae
1165 788 1218 826 de
1247 799 1382 828 uxore
1414 790 1644 829 obtinenda
1673 800 1804 838 quam

247 860 374 910 cupit,
408 861 552 909 rogat:

615 936 706 985 Age
738 947 810 975 me
842 937 885 975 in
916 937 1004 976 tuis
1035 938 1234 977 secundis
1264 939 1439 988 respice.

245 1011 510 1049 Annotatur:
542 1012 672 1060 „haec
699 1013 800 1051 sunt
827 1022 935 1060 quae
962 1013 1223 1052 absolute
1250 1013 1490 1054 dicuntur,’'
1518 1015 1673 1063 Ecquis
1699 1016 1806 1055 haec

246 1086 475 1134 intelligit?
491 1086 559 1124 An
576 1087 685 1126 forte
701 1087 950 1136 legendum:
973 1088 1105 1137 „haec
1121 1090 1222 1127 sunt
1239 1099 1346 1137 quae
1373 1090 1434 1128 ab
1447 1101 1468 1128 s
1480 1100 1504 1129 o
1516 1090 1635 1129 luto
1662 1091 1803 1130 dicun-

245 1163 315 1200 tur
342 1164 413 1207 (sc.
433 1173 459 1200 a
474 1163 602 1201 sociis
619 1161 707 1201 iam
724 1164 1020 1202 condemnatis
1035 1164 1105 1203 vel
1122 1165 1369 1204 etiamnunc
1385 1165 1513 1211 reis)'’
1527 1167 1547 1204 ἱ)
1565 1166 1646 1204 Sed
1662 1165 1806 1214 potius

246 1249 268 1276 s
279 1249 307 1276 u
319 1248 347 1276 n
359 1239 378 1276 t
404 1248 430 1285 q
441 1248 469 1276 u
480 1248 506 1276 a
518 1248 540 1277 e
567 1238 803 1278 abiicienda
819 1240 933 1289 puto,
953 1241 1001 1278 ut
1017 1240 1179 1279 scholio
1195 1241 1255 1279 nil
1273 1240 1387 1279 aliud
1399 1240 1664 1289 significetur
1673 1251 1804 1289 quam

247 1313 514 1352 secundis
555 1313 637 1352 dici
667 1324 743 1362 pro
774 1315 1040 1353 secundis
1071 1315 1248 1354 rebus.
1282 1315 1330 1354 V.
1364 1316 1417 1354 ad
1448 1316 1550 1355 Hec.
1584 1317 1615 1365 Ι,
1651 1316 1689 1365 2,
1728 1317 1803 1354 19:

253 1389 524 1437 „absolutum
568 1390 635 1427 est
674 1390 1009 1438 praefinito;
1053 1390 1174 1429 deest
1213 1391 1406 1439 tempore
1437 1392 1513 1446 aut
1542 1390 1643 1439 quid
1673 1390 1804 1429 tale.''

247 1464 310 1502 Ne
350 1464 431 1502 hoc
471 1464 644 1512 quidem
683 1465 927 1504 incredibile
959 1465 1104 1511 (variis
1136 1465 1252 1504 enim
1284 1466 1453 1504 casibus
1484 1465 1693 1504 obnoxius
1723 1465 1806 1504 fuit

251 1539 601 1585 commentarius)
634 1539 738 1578 olim
764 1540 973 1589 scriptum
999 1540 1154 1579 fuisse:
1186 1540 1317 1590 „haec
1344 1541 1536 1579 absolute
1563 1540 1803 1590 dicuntur,”

250 1614 350 1653 hinc
379 1614 533 1653 fecisse
568 1615 700 1663 „haec
731 1616 833 1654 sunt
863 1625 972 1663 quae
1004 1615 1198 1654 absoluto
1226 1615 1451 1654 dicuntur”
1480 1615 1804 1663 compilatorem

247 1689 319 1737 qui
365 1690 416 1727 de
463 1689 786 1737 quaestionibus
827 1690 996 1737 reisque
1038 1689 1256 1739 cogitaret,
1301 1689 1481 1738 denique
1513 1689 1671 1728 iterum
1702 1700 1805 1729 casu

247 1765 315 1803 vel
358 1765 553 1804 consulto
588 1775 662 1813 pro
695 1765 957 1804 absoluto
989 1766 1199 1814 scriptum
1231 1765 1505 1804 absolute.
1539 1764 1642 1814 Quis
1673 1765 1802 1815 enim,

247 1839 329 1878 nisi
372 1841 424 1878 ad
456 1840 541 1879 alia
572 1840 718 1879 omnia
748 1842 894 1879 mente
926 1841 1140 1890 aberrans,
1175 1839 1361 1889 simplici
1393 1841 1520 1888 atque
1551 1838 1805 1879 notissimae

246 1915 534 1954 observationi
570 1914 818 1964 „absolute”
853 1916 935 1961 (vel
970 1914 1102 1965 „haec
1133 1915 1327 1954 absolute
1363 1915 1605 1961 dicuntur”)
1632 1914 1806 1954 adiiciat

244 1990 472 2029 vocabula:
510 1990 642 2039 „haec
672 1992 774 2029 sunt
805 2001 913 2039 quae
953 2012 998 2016 —
1035 1990 1260 2029 dicuntur”
1293 1990 1363 2028 vel
1397 1991 1525 2039 „sunt
1555 2000 1664 2038 quae
1675 1990 1723 2028 ?”

308 2067 373 2105 13.
421 2066 699 2115 „Terentius”
742 2067 804 2105 sic
850 2067 938 2105 fere
978 2066 1164 2114 legimus
1205 2065 1249 2104 in
1280 2066 1455 2104 scholiis
1489 2065 1678 2115 „reliqua
1707 2067 1806 2115 post

243 2152 418 2180 scenam
450 2140 542 2180 fieri
575 2141 711 2181 vult.''
741 2142 984 2190 sequuntur
1010 2151 1123 2180 nunc
1148 2141 1241 2190 ipsa
1267 2141 1418 2180 scholii
1444 2141 1596 2179 verba:
1629 2151 1708 2190 „ne
1733 2141 1804 2180 vel

242 2217 356 2256 iusto
402 2217 566 2264 longior
611 2216 744 2266 fieret,
793 2217 863 2255 vel
909 2216 954 2255 in
996 2217 1176 2255 eandem
1217 2217 1388 2265 propter
1428 2226 1573 2254 rerum
1604 2216 1802 2255 similitu-

240 2293 385 2331 dinem
412 2292 706 2340 cogerentur.”
729 2292 991 2331 Ritschelius
1018 2293 1116 2340 post
1141 2291 1195 2330 in
1222 2291 1452 2330 eandem
1479 2290 1631 2330 inserit
1660 2304 1804 2341 „xata—

240 2364 416 2417 στροφὴν
442 2367 531 2406 bini
558 2368 771 2417 amores‚’'
799 2378 881 2415 quo
908 2367 1021 2406 facto
1049 2366 1290 2405 observatio
1313 2366 1504 2405 nascitur
1519 2366 1645 2414 plane
1662 2366 1804 2405 aliena

239 2442 290 2481 ab
322 2442 403 2481 hoc
433 2442 524 2481 loco
559 2443 907 2491 Scholiastaeque
941 2442 1130 2481 consilio.

301 2517 367 2556 17.
401 2517 494 2556 Hoc
524 2517 717 2556 scholion
743 2516 815 2566 qui
842 2517 1016 2566 scripsit
1043 2517 1150 2556 satis
1176 2516 1319 2565 inepte
1345 2517 1443 2565 post
1464 2517 1801 2568 scenambperagi

239 2594 385 2632 censet
427 2594 470 2631 et
506 2593 589 2631 alia
621 2594 664 2631 et
694 2593 796 2631 hoc:
833 2592 974 2641 „Crito
1007 2592 1226 2640 Chrysidis
1258 2592 1587 2641 haereditatem,⁴
1614 2600 1800 2631 vacuam

237 2668 338 2717 iam,
388 2668 536 2716 agnita
580 2668 774 2716 Glycerio
822 2678 847 2706 a
891 2669 1012 2716 patre
1060 2666 1297 2716 Chremete‚
1347 2666 1428 2705 sibi
1474 2651 1706 2706 vindicat.''
1749 2667 1797 2706 Id
1849 2667 1852 2670 ’

239 2744 385 2781 autem
431 2743 529 2791 post
570 2753 746 2781 scenam
786 2741 878 2781 fieri
920 2742 1021 2781 dicit
1063 2740 1324 2780 Scholiasta:
1363 2752 1441 2791 „ne
1472 2742 1542 2780 vel
1572 2752 1704 2790 parvo
1735 2741 1796 2780 rei

238 2817 424 2856 Critonis
465 2818 653 2856 tractatu
695 2819 770 2856 aut
811 2816 1130 2856 defraudatione
1169 2816 1353 2865 Glycerii
1384 2817 1670 2856 infuscaretur
1699 2815 1798 2854 finis

238 2891 449 2930 fabulae.”
493 2892 575 2931 Ubi
617 2893 748 2931 verba
783 2903 955 2940 parvo
985 2892 1066 2931 rei
1098 2891 1351 2931 Critonis
1383 2893 1639 2931 tractatu
1670 2890 1796 2939 signi-
