2002 3464
921 369 1003 409 175

235 498 307 538 46.
574 497 722 535 Peiore
759 506 828 535 res
860 496 953 535 loco
984 505 1070 534 non
1101 496 1245 544 potest
1277 505 1385 544 esse,
1422 504 1553 543 quam
1586 494 1629 532 in
1663 504 1745 542 quo

1329 573 1458 617 [nunc
1489 570 1575 609 sita
1607 571 1686 609 est.

383 648 579 688 Primum
610 647 805 686 indotata
837 649 916 686 est.

177 725 373 766 Sostrata
402 725 454 763 de
483 722 573 762 filia
602 723 758 762 vitiata
790 723 896 762 haec
928 723 1214 771 conqueritur.
1243 723 1309 762 Ad
1336 723 1574 772 primum
1603 723 1746 761 indo-

175 802 298 841 tata
329 801 416 840 est
446 799 700 839 annotatur:
738 799 873 847 „ratio
906 799 1100 838 subiecta
1127 801 1194 838 est
1221 800 1420 838 causae.'’
1448 799 1565 838 Nihil
1592 799 1748 838 horum

143 869 146 873 ’
175 877 391 927 intelligo;
409 886 465 916 an
480 886 556 926 pro
579 885 711 914 caus
724 886 783 915 ae
805 876 1035 924 legendum
1053 878 1120 915 est
1143 887 1208 925 qu
1221 887 1243 915 e
1256 887 1276 915 r
1289 876 1408 915 elae
1425 877 1494 915 vel
1511 876 1598 916 tale
1616 876 1748 925 quid?

233 994 310 1045 III,
329 995 369 1044 3,
388 994 428 1033 8.
446 993 529 1032 Hic
545 993 720 1032 omnino
739 993 993 1042 inspiciatur
1005 993 1296 1033 Westerhovii
1315 995 1457 1044 editio,
1478 995 1550 1043 qui
1566 994 1749 1034 feliciter

175 1069 442 1110 emendando
485 1069 742 1118 prudentem
784 1069 896 1108 hanc
938 1070 1131 1109 restituit
1172 1070 1543 1110 observationem:
1591 1081 1641 1120 „o
1654 1082 1674 1109 r
1687 1071 1713 1110 d
1725 1081 1748 1110 o

175 1147 243 1186 est
272 1145 492 1196 nobilium,
526 1156 585 1194 gr
597 1155 662 1184 ex
695 1146 976 1185 obscurorum
1008 1147 1280 1186 hominum.’'

233 1222 304 1262 40.
346 1221 500 1261 Nihil
540 1221 653 1260 nisi
695 1221 989 1270 sapientia
1026 1224 1126 1268 est]
1165 1223 1369 1272 „ridicule
1401 1223 1519 1272 prius
1553 1223 1746 1263 additum

173 1298 318 1340 nihil
375 1307 506 1347 quam
563 1297 793 1346 quicquam
850 1297 990 1337 laudis
1037 1299 1255 1337 nomine.”
1303 1299 1385 1338 Hic
1431 1299 1599 1349 haereo,
1650 1310 1749 1338 cum

171 1374 428 1424 praesertim
475 1385 560 1414 non
606 1375 734 1414 liceat
782 1376 958 1424 iungere
1000 1375 1343 1424 priusquam.
1390 1376 1591 1424 Sequitur
1633 1377 1749 1415 enim

174 1441 200 1490 d
212 1461 236 1490 θ
247 1450 262 1490 i
273 1461 302 1490 11
314 1451 340 1490 d
353 1461 388 1490 e.

233 1527 304 1567 42.
347 1527 376 1566 S
388 1527 443 1566 in
455 1537 478 1566 e
489 1538 510 1566 r
523 1537 546 1566 e
557 1529 594 1574 s]
642 1527 721 1577 „ab
764 1529 1020 1577 argumento
1061 1527 1231 1567 fabulae
1269 1528 1426 1577 repetit
1457 1529 1545 1567 sin
1558 1539 1579 1567 e
1592 1539 1612 1567 r
1626 1539 1647 1567 e
1660 1530 1748 1567 m.'’

173 1594 269 1661 Non
299 1603 506 1652 intelligo.
535 1603 604 1642 An
630 1603 740 1642 forte
767 1603 873 1642 haec
901 1605 968 1642 est
994 1604 1234 1643 sententia:
1267 1604 1475 1653 „verbum
1502 1605 1750 1644 sinerem
1829 1639 1831 1642 .

98 1734 102 1738 ¹
175 1679 455 1728 desumptum
513 1689 568 1718 ex
625 1678 752 1722 initio,
804 1679 975 1719 fabulae
1033 1682 1110 1725 (vs.
1164 1680 1274 1730 108),
1323 1681 1396 1719 ubi
1443 1683 1750 1730 argumentum

177 1754 468 1804 exponitur’?

237 1831 307 1871 50.
349 1830 566 1871 Vitiosum
603 1831 656 1871 ad
688 1831 802 1871 hunc
833 1842 1010 1871 versum
1042 1833 1236 1872 scholion
1267 1843 1422 1873 sanare
1453 1844 1540 1873 non
1571 1835 1752 1884 contigit

176 1897 491 1958 Westerhovio,
524 1908 609 1946 nisi
641 1909 752 1956 quod
779 1908 824 1947 in
853 1909 1015 1948 verbis:
1050 1909 1290 1957 „adoriri
1319 1911 1386 1949 est
1412 1911 1535 1958 quasi
1562 1911 1751 1959 aliquem

178 1983 279 2023 oriri
310 1983 353 2022 id
384 1985 452 2023 est
485 1985 745 2034 exsurgere⁹⁹
778 1985 1023 2024 rectissime
1055 1985 1253 2034 probavit
1286 1987 1505 2035 egregiam
1531 1987 1751 2036 Wielingii

177 2059 525 2099 emendationem
557 2060 620 2100 ad
652 2060 900 2109 aliquem
931 2061 1302 2110 pr0,aliquem.

238 2137 325 2179 55..
350 2135 606 2176 Lacrimo
643 2137 861 2186 gaudio]
900 2138 1041 2186 „recte
1074 2138 1269 2177 additum
1303 2140 1370 2178 est
1401 2140 1616 2190 gaudio,
1651 2140 1752 2188 quia

177 2211 382 2251 lacrimae
413 2211 554 2252 solum
587 2223 829 2253 moerorem
862 2213 1150 2263 significant.”
1184 2214 1441 2264 Wielingius
1468 2226 1543 2264 pro
1571 2216 1750 2255 solum

177 2287 283 2337 legit
323 2281 735 2329 solae.'Praestat
778 2292 825 2329 ut
866 2290 1015 2340 opinor
1057 2301 1131 2340 pro
1173 2291 1447 2331 lacrimae
1493 2314 1543 2319 —
1584 2293 1750 2342 signi—

177 2363 361 2402 ficant
390 2363 554 2413 legere:
587 2365 966 2406 lacrimare...
1001 2367 1319 2416 significat.
1558 2352 1561 2354 ’

238 2439 308 2479 84.
341 2439 519 2490 Egregie
551 2441 744 2481 scholion
777 2442 830 2481 ad
862 2442 976 2481 hunc
1007 2453 1185 2482 versum
1218 2443 1406 2483 correxit
1422 2444 1752 2484 Westerhovius

178 2525 276 2564 pro:
334 2515 467 2564 „bene
519 2518 666 2556 autem
714 2518 883 2557 dubitat
930 2520 973 2558 et
1019 2519 1233 2558 familiam
1281 2521 1475 2560 inveniat
1521 2521 1662 2560 civem
1710 2524 1753 2561 et

178 2591 369 2630 multum
410 2591 567 2632 absens
608 2603 634 2632 a
676 2595 907 2643 conspectu
950 2595 1140 2635 civium”
1178 2596 1381 2645 legendo:
1419 2597 1553 2646 „bene
1585 2598 1753 2637 dubitat

179 2677 235 2706 an
276 2667 537 2707 familiarem
579 2669 773 2709 inveniat
815 2671 968 2721 civem,
1014 2671 1105 2720 ipse
1152 2672 1342 2711 multum
1391 2673 1548 2712 absens
1590 2684 1615 2712 a
1657 2684 1750 2713 con-

179 2744 331 2793 spectu
363 2743 568 2783 civium”

238 2860 315 2912 III,
359 2863 399 2912 4,
439 2862 479 2902 8.
527 2862 772 2913 „Quomodo
809 2866 1046 2915 accipimus
1079 2866 1222 2905 haud
1255 2866 1338 2906 sic
1370 2867 1666 2907 auferent?
1697 2879 1771 2910 an.

178 2935 344 2977 factum
367 2948 496 2977 suum
515 2939 711 2979 auferent
727 2941 812 2991 sic;
832 2952 887 2981 an
915 2942 962 2980 si
990 2943 1256 2982 correxerint
1273 2944 1457 2995 culpam,
1477 2955 1563 2984 non
1580 2945 1751 2984 silentio
