2002 3464
1017 352 1072 390 50

353 476 460 526 Quin
488 476 619 515 etiam
646 475 818 524 insuper
844 475 996 524 sceIUS,
1024 476 1252 523 postquam
1278 473 1542 512 ludificatust
1561 458 1785 522 virginem,

351 553 528 591 Vestem
546 562 719 590 omnem
735 552 920 590 miserae
938 550 1118 600 discidit,
1137 552 1231 589 tum
1249 550 1388 599 ipsam
1401 548 1552 598 capillo
1565 546 1785 586 conscidit.
1832 541 1835 543 ’

263 629 428 667 Revera
469 628 573 666 haec
615 638 699 666 non
731 628 792 666 ita
827 628 942 666 facta
973 628 1074 665 sunt
1104 628 1152 665 ut
1183 626 1362 674 Pythias
1394 626 1561 672 narrat3
1595 624 1669 662 illa
1699 623 1815 662 enim

262 704 401 742 scelus
449 703 730 742 commissum
778 704 987 751 quantum
1027 703 1169 751 potest
1210 703 1349 750 auget.
1392 701 1504 739 Dum
1545 700 1708 738 luctata
1744 699 1818 737 est

261 780 393 830 virgo,
427 779 563 819 vestis
595 780 687 819 eius
718 780 890 819 turbata
922 780 969 818 et
997 778 1136 827 capilli
1169 777 1335 816 disiecti
1367 778 1480 815 sunt.

322 856 564 904 Alloquitur
596 866 693 895 eam
724 855 933 894 Phaedria
964 854 1026 893 sic
1059 856 1136 900 (vs.
1173 854 1295 899 650):

381 931 487 981 Quid
518 932 661 971 istuc?
693 931 791 979 quid
823 930 1035 969 festinas?
1067 930 1142 968 aut
1173 939 1301 976 quem
1333 927 1501 976 quaeris
1533 926 1744 985 Pythias?

260 1007 343 1046 Ubi
401 1008 649 1046 festinas
706 1017 801 1045 esse
858 1004 1134 1053 turbaris,
1193 1002 1448 1052 trepidas
1503 1003 1619 1041 recte
1670 1002 1819 1041 monet

246 1075 252 1080 ’
263 1083 514 1122 Scholiasta.

320 1159 429 1197 Rem
456 1159 655 1197 denarrat
680 1157 872 1206 Pythias.
902 1157 1011 1195 Tum
1040 1156 1138 1202 (654
1166 1157 1243 1203 sq.)
1271 1154 1501 1193 Phaedria:
1533 1153 1667 1203 „Quid
1693 1152 1816 1192 ais?”

262 1235 305 1272 et
325 1234 526 1282 Pythias:
559 1233 738 1283 „Perii.’'
756 1233 920 1271 Iterum
938 1231 1168 1270 Phaedria:
1191 1230 1536 1280 „Temulenta's”
1556 1230 1599 1267 et
1614 1228 1815 1277 Pythias:

265 1310 469 1359 „Utinam
501 1310 563 1348 sic
594 1310 682 1348 sint
712 1309 783 1357 qui
814 1308 922 1347 mihi
953 1308 1067 1346 male
1098 1307 1290 1345 volunt.'’
1321 1305 1389 1344 Sic
1415 1298 1531 1344 enim
1557 1315 1670 1344 nunc
1695 1314 1817 1344 voca-

260 1386 360 1424 bula
401 1386 511 1424 inter
552 1385 774 1433 loquentes
806 1383 1129 1432 distribuuntur,
1163 1382 1276 1421 male
1309 1382 1447 1430 siquid
1479 1381 1614 1420 video.
1647 1379 1819 1419 Doriadi

261 1461 448 1499 dandum
491 1470 585 1499 esse
625 1459 770 1508 perii
802 1469 975 1498 censeo:
1011 1459 1077 1497 est
1108 1457 1223 1496 enim
1256 1456 1514 1501 exclamatio
1546 1456 1638 1495 eius
1670 1454 1742 1503 qui
1772 1464 1817 1493 re

261 1536 494 1584 improvisa
544 1535 873 1584 perterrefactus
925 1535 1012 1573 est:
1057 1533 1101 1571 in
1141 1532 1284 1571 media
1325 1531 1634 1571 lamentatione
1674 1530 1817 1570 locum

260 1622 345 1650 non
375 1612 515 1650 habet.
551 1611 638 1660 Cui,
672 1612 720 1649 ut
751 1611 831 1649 hoc
861 1610 970 1658 utar,
1005 1609 1128 1657 alapa
1159 1607 1376 1656 infligitur,
1406 1617 1491 1645 non
1516 1606 1705 1655 primum
1733 1605 1818 1644 alia

260 1689 470 1736 quaedam
502 1688 730 1735 exclamat,
765 1686 914 1725 deinde
945 1685 1090 1734 perii
1122 1684 1250 1733 addit,
1286 1684 1360 1722 sed
1392 1683 1443 1721 ab
1476 1683 1556 1721 hac
1582 1692 1686 1721 voce
1712 1681 1816 1721 facit

259 1764 524 1803 lamentandi
565 1763 749 1801 initium.
794 1761 924 1800 Paulo
967 1761 1063 1809 post
1103 1759 1254 1798 Dorias
1296 1769 1395 1797 cum
1426 1757 1635 1806 Pythiade
1667 1757 1817 1797 relicta

260 1840 352 1878 sola
379 1840 528 1878 eadem
555 1849 659 1878 voce
685 1838 832 1886 utitur,
852 1837 910 1875 ibi
927 1846 1091 1884 quoque
1109 1835 1153 1874 in
1170 1833 1440 1874 allocutionis
1456 1833 1578 1872 initio
1596 1835 1672 1879 (vs.
1691 1833 1815 1880 664):

378 1915 501 1964 Perii,
545 1915 731 1963 obsecro,
774 1915 866 1952 tam
898 1912 1121 1950 infandum
1153 1911 1331 1959 facinus,
1365 1919 1464 1948 mea
1493 1910 1554 1958 tn,
1587 1918 1642 1947 ne
1673 1907 1817 1947 audivi

1555 1983 1755 2032 [quidem.

260 2067 324 2104 Ad
367 2066 470 2105 illud
511 2076 609 2114 ergo
650 2064 968 2104 temulenta
1009 2073 1065 2102 es
1106 2062 1285 2111 Pythias
1326 2060 1574 2109 respondet:
1611 2059 1815 2108 „Utinam

260 2143 322 2182 sic
348 2143 436 2182 sint
453 2142 524 2190 qui
545 2142 654 2180 mihi
675 2141 789 2179 male
806 2140 983 2179 volunt'’
1000 2151 1007 2177 :
1027 2137 1182 2190 ἐχθροῖς
1199 2135 1360 2190 γένοιτο.
1379 2136 1534 2185 Lepide
1552 2134 1814 2174 Scholiasta:

263 2220 406 2269 „bene‚
436 2230 521 2258 non
548 2218 713 2257 ebrium
740 2227 834 2255 esse
862 2217 905 2254 in
931 2215 1210 2254 maledictum
1237 2214 1379 2263 vertit,
1409 2212 1530 2262 quasi
1555 2222 1657 2250 vero
1679 2213 1813 2250 temu-

259 2295 426 2333 lentum
458 2304 552 2332 esse
584 2292 803 2332 felicitatis
835 2292 934 2330 sit.''

318 2370 474 2409 Audito
506 2370 667 2408 frustra
698 2368 844 2416 quaeri
875 2365 1120 2405 maleficum
1153 2364 1361 2403 Phaedria
1393 2363 1455 2402 sic
1487 2362 1584 2409 (661
1618 2365 1719 2410 sq.):

1042 2441 1213 2488 Nequeo
1245 2439 1395 2478 mirari
1427 2439 1546 2487 satis,

378 2521 465 2570 Quo
498 2519 585 2558 illic
616 2519 731 2557 abire
763 2518 941 2566 ignavos
973 2517 1110 2565 possit
1140 2515 1320 2564 longius,
1355 2514 1439 2552 nisi
1470 2514 1507 2552 si
1539 2514 1715 2552 domum

377 2597 501 2634 Forte
534 2595 586 2634 ad
617 2604 695 2633 nos
726 2592 863 2631 rediit.

259 2672 320 2710 Ne
346 2671 573 2710 trochaeus
600 2670 711 2708 inter
726 2678 878 2707 versus
896 2666 1103 2706 iambicos
1119 2665 1267 2704 veniat
1283 2665 1410 2713 vulgo
1428 2675 1541 2703 nunc
1558 2664 1696 2703 editur
1713 2674 1777 2712 qu
1789 2673 1813 2702 o

259 2747 382 2785 11110
414 2756 488 2795 pro
521 2756 621 2793 quo
653 2745 765 2783 ille.
800 2744 996 2791 Agnosco
1029 2741 1302 2781 correctionis
1335 2750 1523 2790 causam,
1558 2739 1697 2788 ipsam
1729 2749 1814 2778 non

259 2822 408 2870 probo:
454 2831 601 2859 cascas
643 2820 758 2858 enim
799 2818 1103 2857 vocabulorum
1145 2817 1306 2855 formas
1348 2816 1572 2854 obtrudere
1615 2814 1812 2853 Terentio

258 2897 406 2935 invitis
439 2895 651 2934 codicibus
683 2905 767 2933 non
799 2894 950 2942 aus1m,
980 2893 1199 2939 multoque
1226 2891 1333 2929 mihi
1360 2892 1517 2929 arridet
1542 2889 1682 2938 magis
1707 2889 1813 2927 haec
