2002 3464
937 362 991 402 29

176 493 247 532 hic
275 492 461 532 'deloco
493 491 538 530 in
569 468 651 539 quo
682 499 797 529 nunc
828 499 1056 528 versamur
1086 487 1352 527 sententiam
1384 497 1530 537 meam
1562 497 1743 536 pronun-

176 569 312 608 tiasse
343 567 452 607 satis
483 566 633 606 habeo.

239 643 332 694 „Ad
377 642 586 682 Thaidem
632 642 814 681 deducta
861 641 955 694 est''
999 641 1211 679 Parmeno
1252 641 1401 679 narrat
1445 639 1594 690 „eique
1636 639 1746 678 dono

177 720 279 760 data
308 730 334 759 a
363 719 515 769 milite,
548 718 696 757 fratris
721 717 787 756 tui
814 717 961 756 rivale.
990 716 1049 755 At
1075 717 1209 756 frater
1235 718 1337 755 tuus
1359 716 1420 755 nil
1438 716 1590 755 habuit
1611 716 1747 754 miser

178 796 289 845 quod
329 795 480 835 Thaidi
521 795 643 834 daret
684 804 815 842 quam
857 793 1126 843 Eunuchum,
1172 793 1244 841 qui
1280 781 1388 832 mihi
1420 793 1509 831 iarn
1541 792 1594 831 ad
1626 792 1748 830 illam

177 873 246 912 est
271 871 586 911 deducendus.'’
613 870 696 909 Hic
721 870 916 909 Eunuchi
933 869 1049 908 illius
1066 869 1285 918 praedicat
1301 869 1520 908 fortunam
1544 867 1746 907 Chaerea.

177 948 349 988 Etenim
384 948 612 998 „summa”
647 947 734 996 (ait,
768 956 857 985 vss
893 947 977 985 366
1012 948 1144 994 sqq.):

209 1013 214 1019 ’
786 1022 928 1061 forma
959 1032 1132 1071 semper
1165 1032 1420 1061 conservam
1453 1022 1569 1060 domi

171 1141 174 1143 Α
235 1091 419 1150 Videbit,
453 1099 730 1148 colloquetur,
765 1098 902 1137 aderit
933 1108 1020 1136 una
1051 1098 1095 1136 in
1128 1098 1226 1136 unis
1259 1098 1448 1137 aedibus.

237 1176 391 1217 Cibum
407 1186 493 1216 non
509 1185 750 1223 numquam
768 1175 908 1223 capiet
925 1184 1026 1213 cum
1043 1185 1105 1224 ea,
1126 1175 1343 1214 interdum
1360 1176 1533 1224 propter
1551 1175 1747 1214 dormiet.

177 1253 377 1293 Ludibrio
415 1262 516 1295 eum
545 1261 701 1290 servus
732 1251 862 1289 habet
895 1251 938 1289 et
974 1251 1074 1300 „vin
1105 1251 1148 1289 te
1181 1251 1297 1289 illius
1328 1250 1524 1289 Eunuchi
1555 1251 1751 1290 vestibus

177 1329 378 1369 indutum
421 1328 474 1367 ad
515 1327 724 1367 Thaidem
761 1327 971 1366 deducam
983 1327 1031 1365 ‘2⁹’
1065 1328 1199 1376 rogat,
1235 1327 1350 1365 haud
1381 1329 1587 1376 reputans
1620 1338 1751 1375 quam

161 1405 473 1455 ,imprudenter
502 1405 634 1444 faciat
660 1405 772 1453 quod
799 1404 1169 1443 adolescentulum
1196 1405 1289 1443 tam
1315 1402 1593 1455 θερμόβουλον
1620 1414 1751 1452 quam

177 1482 249 1522 hic
289 1483 358 1528 est
398 1481 678 1521 audacissimi
719 1481 823 1520 facti
866 1481 1110 1519 admoneat.
1156 1480 1315 1519 Statim
1358 1471 1474 1518 enim
1507 1480 1610 1519 illud
1642 1481 1750 1518 tam-

179 1568 308 1608 quam
346 1558 459 1597 serio
491 1558 642 1597 datum
675 1557 903 1596 consilium
935 1557 1086 1605 arripit
1117 1555 1320 1595 Chaerea.
1354 1556 1514 1595 Audire
1546 1556 1634 1595 iam
1667 1567 1752 1595 non

178 1634 274 1674 vult
318 1644 496 1674 servum
543 1633 834 1673 affirmantem
881 1643 928 1672 se
974 1633 1066 1672 ioco
1114 1632 1218 1676 illud
1260 1632 1436 1681 dixisse,
1482 1633 1596 1681 cogit
1637 1643 1750 1682 eum,

179 1709 326 1759 trudit,
355 1709 551 1761 impellit,
579 1709 624 1748 vi
651 1719 801 1748 secum
828 1709 872 1747 in
898 1709 1034 1757 patris
1061 1709 1129 1747 sui
1155 1697 1387 1757 fratrisque
1410 1708 1538 1747 aedes
1555 1709 1749 1758 attrahit,

179 1785 294 1825 unde
333 1785 528 1824 Eunuchi
569 1785 757 1832 sumptis
798 1784 995 1822 vestibus
1039 1794 1170 1831 quam
1211 1784 1402 1832 primum
1440 1794 1514 1832 pro
1546 1783 1752 1823 Eunucho

181 1862 235 1902 ad
276 1861 484 1901 Thaidem
527 1861 773 1900 deducatur.
808 1860 1078 1908 Rogantique
1110 1870 1236 1899 servo
1270 1862 1348 1906 (vs.
1383 1860 1483 1906 389)
1520 1860 1752 1910 „iubesne”

181 1938 432 1987 respondet:
465 1948 595 1987 „cogo
623 1939 751 1985 atque
768 1937 956 1985 impero;
975 1947 1198 1984 nunquam
1216 1936 1386 1985 defugio
1404 1938 1752 1977 auctoritatem.’'

182 2013 272 2064 Quo
303 2014 449 2054 audito
481 2023 634 2053 servus
669 2014 896 2063 ,sequere2
931 2013 973 2051 di
1003 2014 1180 2068 vortant
1210 2013 1360 2052 bene.'’
1395 2013 1506 2052 Tum
1539 2014 1666 2053 aedes
1694 2014 1752 2053 in-

152 2091 367 2130 ·troeunt.
410 2089 492 2128 Hic
533 2091 632 2139 apte
674 2089 952 2138 appositeque
985 2090 1239 2128 annotatur:
1278 2089 1534 2138 „Evidenter
1566 2091 1755 2130 ostendit

94 2207 98 2210 ,
180 2167 298 2216 plus·
319 2176 415 2205 esse
451 2166 733 2215 imperare
765 2175 896 2214 quam
929 2165 1117 2204 iubere.”
1151 2165 1262 2204 Nam
1295 2166 1509 2214 impero
1541 2167 1613 2205 ubi
1645 2167 1756 2206 dixit

182 2241 384 2292 Chaerea,
413 2243 509 2282 tum
537 2242 714 2281 demum
741 2240 957 2290 significat
984 2251 1032 2280 se
1058 2252 1281 2290 nunquam
1309 2242 1480 2291 culpam
1508 2243 1551 2281 in
1578 2253 1755 2282 servum

182 2328 279 2358 esse
319 2319 594 2358 reiecturum.
629 2318 743 2356 Alibi
775 2317 987 2356 eiusmodi
1019 2318 1070 2356 de
1103 2318 1421 2366 imperandi
1452 2319 1583 2358 verbo
1616 2320 1754 2359 obser-

181 2395 404 2435 vationem
444 2395 591 2434 minus
633 2396 749 2433 recte
791 2394 1006 2433 adiectam
1047 2394 1250 2434 vidimus.
1292 2395 1434 2443 Atque
1473 2405 1528 2434 ex
1558 2407 1644 2435 uno
1676 2383 1756 2435 hoc

183 2471 383 2520 exemplo
439 2472 617 2520 apparet
672 2481 803 2519 quam
855 2481 1009 2518 parum
1055 2469 1252 2510 fidelibus
1299 2472 1547 2511 custodibus
1593 2473 1756 2511 vetusti

185 2546 450 2586 scholiastae
482 2547 696 2596 sapientia
728 2547 964 2586 commissa
994 2547 1136 2586 fuerit.

245 2622 327 2661 Sed
367 2624 535 2662 restant
572 2622 783 2671 quaedam
816 2623 859 2661 in
891 2622 1246 2671 praecedentibus
1278 2623 1328 2662 de
1361 2624 1515 2672 quibus
1549 2626 1755 2664 annotare

183 2708 321 2748 pauca
350 2699 481 2739 lubet.

245 2785 308 2814 vs.
338 2775 438 2814 389.
466 2774 624 2814 Audito
651 2775 827 2814 Thaidis
844 2775 1019 2814 nomine
1038 2774 1249 2815 Chaerea:
1272 2776 1381 2826 „Sed
1398 2777 1530 2815 istam
1548 2777 1756 2816 Thaidem

184 2861 270 2890 non
312 2850 421 2889 scivi
461 2851 585 2890 nobis
626 2851 859 2890 vicinam.”
899 2851 1145 2900 Respondet
1175 2852 1387 2891 Parmeno
1423 2852 1564 2902 „haud
1596 2853 1754 2893 diust.''

184 2927 327 2966 Perite
370 2927 611 2966 Scholiasta
652 2930 853 2983 annotat:
887 2919 1131 2980 »οἰκονομῶ
1151 2930 1300 2968 contra
1331 2929 1447 2968 istud
1479 2929 1589 2978 quod
1622 2941 1754 2970 mere-
