2002 3464
988 409 1042 448 76

238 534 401 572 tionem
446 533 623 572 vitiatae
655 533 878 582 virginis.'’
912 533 1031 572 Idem
1064 533 1115 572 ad
1146 543 1320 572 versum
1354 534 1451 582 994,
1486 533 1556 571 ubi
1587 532 1797 571 Parmeno

238 608 355 647 addit
387 609 679 648 audaciam
710 609 1078 647 meretricum
1111 610 1318 658 specta,
1352 610 1551 648 annotat:
1589 607 1797 657 „oratorie

237 684 394 722 avertit
421 683 531 722 iram
548 684 665 723 senis
682 694 707 723 a
723 694 770 723 se
788 685 831 723 et
848 694 873 723 a
890 683 1078 723 Chaerea
1095 685 1222 732 atque
1239 684 1405 723 derivat
1421 684 1465 722 in
1480 684 1796 723 meretricem.’›

294 758 379 797 Vix
406 760 656 807 exspectato
682 759 941 798 narrationis
967 758 1051 798 fine
1078 769 1213 798 senex
1238 759 1397 798 misero
1423 758 1509 798 filio
1536 769 1662 808 opem
1687 759 1796 798 ferre

213 880 216 883 ¹
235 833 445 883 properat,

788 1000 934 1040 Acrus
965 1000 1003 1039 V
1035 1001 1178 1040 SanA
1210 1003 1249 1041 6.

294 1106 387 1145 Non
418 1108 561 1155 potest
591 1107 747 1146 melius
779 1108 906 1147 huius
937 1118 1091 1147 scenae
1123 1110 1426 1157 argumentum
1459 1108 1639 1147 describi
1666 1119 1797 1158 quam

237 1182 304 1220 his
338 1182 602 1221 scholiastae
635 1183 777 1222 verbis
806 1184 872 1229 (ad
903 1184 1013 1222 1002
1041 1187 1170 1232 sqq.):
1203 1184 1406 1234 „Pythias
1433 1184 1647 1232 egreditur
1662 1184 1797 1230 veluti

235 1257 413 1296 irrisura
453 1258 779 1307 Parmenonem,
821 1260 870 1297 ut
911 1259 1004 1308 ipsa
1043 1260 1189 1308 putat;
1233 1259 1374 1308 egredi
1416 1259 1563 1297 autem
1605 1269 1630 1297 a
1670 1260 1797 1307 poeta

236 1334 399 1382 cogitur
440 1335 488 1372 ut
529 1335 678 1373 doceat
718 1335 922 1383 populum
964 1336 1063 1383 quid
1100 1336 1216 1374 intus
1249 1335 1382 1384 egerit
1413 1335 1589 1374 senex.'’
1623 1333 1796 1373 Deridet

235 1410 382 1447 autem
423 1409 738 1448 Parmenonem
780 1410 959 1458 Pythias
1001 1411 1111 1458 quod
1153 1421 1199 1449 se
1235 1410 1334 1450 ficto
1365 1412 1526 1450 terrore
1557 1409 1795 1460 perturbari

235 1494 388 1532 passus
429 1485 486 1523 sit
527 1486 570 1523 et
610 1485 774 1524 factum
816 1496 943 1524 suum
981 1486 1073 1524 seni
1106 1486 1370 1525 indicaverit.
1405 1486 1534 1525 Cuius
1565 1486 1795 1535 postquam

236 1560 364 1598 verba
391 1559 703 1608 cachinnosque
730 1561 1037 1610 aliquantisper
1063 1561 1228 1600 audivit
1253 1562 1476 1611 Parmeno,
1504 1561 1680 1600 tandem
1697 1570 1793 1600 eam

236 1634 335 1683 quid
367 1635 504 1674 rideat
536 1637 670 1685 rogat,
705 1637 750 1674 at
781 1635 855 1674 illa
887 1637 1015 1682 (1008
1048 1639 1177 1684 sqq.):

1178 1711 1387 1760 Rogitas?

351 1785 579 1834 Nunquam
611 1786 679 1834 pol
711 1786 932 1825 hominem
964 1787 1207 1826 stultiorem
1240 1787 1327 1826 vidi
1358 1797 1436 1826 nec
1468 1786 1619 1826 videbo
1651 1787 1706 1826 ah

351 1861 445 1900 Non
476 1872 654 1909 possum
685 1862 793 1900 satis
825 1872 999 1901 narrare
1031 1872 1136 1910 quos
1167 1862 1290 1902 ludos
1320 1862 1566 1911 praebueris
1597 1862 1727 1902 intus.

233 1936 388 1986 Lepide
419 1947 603 1985 vereque
637 1937 897 1976 Scholiasta:
930 1938 1191 1987 „Postquam
1216 1938 1435 1986 rogitas
1462 1938 1641 1987 dixerat,
1671 1938 1795 1986 quasi

233 2013 458 2051 narratura
488 2013 713 2063 videbatur
744 2014 788 2052 et
818 2014 928 2052 redit
959 2014 1012 2052 ad
1043 2013 1412 2052 insultationem.'’

291 2088 451 2127 Eodem
483 2090 650 2137 spectat
682 2088 903 2128 annotatio
935 2089 987 2128 ad
1020 2099 1195 2128 versum
1213 2090 1502 2137 sequentem:

410 2164 469 2202 At
501 2165 634 2203 etiam
666 2164 868 2203 callidum
901 2165 944 2203 et
975 2164 1184 2203 disertum
1216 2164 1374 2203 credidi
1404 2163 1637 2203 hominem.

296 2239 439 2288 „Haec
480 2239 625 2278 omnia
666 2239 728 2278 sic
770 2239 814 2278 in
854 2249 983 2278 scena
1023 2239 1300 2288 pronuntiata
1335 2240 1437 2278 sunt
1467 2240 1515 2278 ut
1545 2237 1635 2277 risu
1666 2238 1791 2278 inter-

233 2314 374 2363 rumpi
404 2314 692 2353 viderentur.’'
725 2314 836 2353 Tum
867 2314 929 2353 sic
960 2314 1170 2353 miserum
1201 2314 1422 2352 hominem
1452 2307 1633 2352 ludibrio
1664 2313 1794 2353 habet

233 2389 388 2428 ancilla
418 2389 618 2438 petulans
650 2390 778 2435 (1012
811 2392 941 2437 sqq.):

411 2464 549 2513 Quid?
582 2464 733 2503 ilicone
767 2465 936 2503 credere
968 2475 1019 2504 ea
1049 2475 1157 2513 quae
1190 2465 1278 2503 dixi
1309 2464 1497 2513 oportuit
1526 2466 1602 2503 te?
1685 2475 1687 2478 ’

410 2540 479 2579 An
509 2541 755 2589 paenitebat
786 2540 934 2591 flagiti,
967 2542 1011 2580 te
1044 2542 1215 2580 auctore
1247 2541 1357 2588 quod
1387 2540 1562 2579 fecisset

410 2615 682 2665 Adolescens,
726 2617 769 2654 ni
800 2617 1010 2654 miserum
1041 2616 1214 2665 insuper
1243 2616 1375 2654 etiam
1406 2616 1518 2664 patri
1550 2615 1791 2654 indicares?

233 2690 298 2729 Ad
345 2691 530 2729 alterum
577 2702 753 2730 versum
799 2691 1074 2730 verissimam
1120 2691 1230 2729 hanc
1275 2691 1485 2729 habemus
1527 2690 1790 2729 scholiastae

234 2766 579 2805 annotationem:
627 2767 730 2815 „An
760 2767 1115 2815 poenitebat:
1148 2766 1251 2804 illud
1283 2767 1394 2814 quod
1425 2775 1554 2814 supra
1586 2775 1611 2804 a
1641 2764 1786 2813 stulto,

233 2842 313 2880 hoc
354 2843 464 2891 quod
495 2852 608 2881 nunc
639 2842 741 2880 dicit
773 2852 798 2880 a
827 2842 942 2880 malo
974 2841 1065 2880 fieri
1096 2841 1246 2890 potuit.
1282 2841 1390 2880 Illud
1422 2841 1473 2880 ab
1506 2839 1785 2890 imprudente,

233 2917 314 2956 hoc
345 2918 455 2966 quod
486 2917 607 2968 peius
639 2918 711 2957 est
737 2927 762 2955 a
793 2917 997 2956 sciente.'’
