2002 3464
1001 397 1081 435 188

262 518 492 557 descendit.
536 519 585 557 In
626 520 881 559 Phormione
923 521 1016 559 sed
1049 522 1177 569 quid
1208 523 1264 560 tu
1297 533 1352 562 es
1384 523 1581 562 trist1s
1612 524 1815 573 praelatis

263 593 426 632 scilicet
471 594 797 634 allocutionibus
844 598 887 635 et
927 597 1223 645 separatarum
1267 599 1309 637 et
1339 599 1645 646 permistarum
1675 610 1814 649 perso-

262 680 427 719 narum7
462 681 514 709 ne
546 670 685 709 ieiune
717 671 769 710 ad
802 673 1105 720 argumentum
1136 672 1324 723 veniens,
1359 684 1443 713 non
1475 684 1599 722 agere
1625 675 1815 715 fabulam

262 747 336 784 sed
377 756 550 785 narrare
591 746 848 786 videretur.'’
892 747 1151 796 Corruptane
1192 748 1296 787 haec
1334 759 1387 788 an
1418 749 1699 798 praelatis
1728 750 1815 790 fere

263 823 330 860 est
360 822 867 870 praecedentibus?

322 897 386 935 Ad
418 907 482 935 vs.
517 897 594 936 26:
657 897 809 947 Habet,
844 898 918 937 sed
950 897 1099 937 firmae
1130 899 1211 938 hae
1245 910 1390 939 vereor
1421 901 1467 939 ut
1501 900 1588 939 sint
1613 900 1787 950 nuptiae

263 973 514 1010 annotatur:
575 973 895 1021 „animadverte
942 974 1189 1013 Terentium
1235 975 1278 1014 in
1324 975 1484 1024 nuptiis
1530 976 1609 1015 hoc
1655 975 1817 1015 dictum

264 1057 447 1096 servare⁷
496 1048 642 1086 utrum
688 1047 836 1087 firmas
883 1059 938 1087 an
984 1048 1177 1102 infirmas
1224 1050 1337 1089 dicat
1382 1051 1596 1099 nuptias.”
1640 1051 1817 1100 Egregie

262 1122 590 1161 Westerhovius
621 1134 695 1171 pro
728 1124 938 1162 dictum
971 1124 1150 1163 coniecit
1182 1125 1416 1165 dubium.
1480 1168 1488 1176 „

324 1198 391 1237 40.
529 1198 716 1238 Amabat
747 1200 795 1238 ut
820 1206 925 1238 ¹cum
956 1199 1147 1239 maxime
1179 1201 1273 1239 tum
1304 1201 1565 1249 Pamphilus.

266 1275 384 1314 Sch.:
432 1276 515 1324 „ut
554 1275 743 1324 positum
785 1286 859 1324 pro
893 1276 1361 1324 quemadmodum.
1395 1277 1447 1315 Et
1477 1276 1720 1316 maxime
1752 1276 1818 1316 bis

263 1362 442 1390 numero
474 1352 767 1391 subauditur.''
800 1353 939 1391 Immo
971 1363 1071 1391 vero
1104 1353 1324 1392 amabat
1354 1353 1419 1392 bis
1450 1354 1716 1394 subauditur.

325 1427 524 1475 Sequitur
555 1428 666 1476 apud
697 1429 891 1476 poetam:

443 1503 581 1552 Quum
612 1505 744 1553 pater,
779 1515 959 1543 uxorem
990 1506 1038 1543 ut
1070 1505 1207 1554 ducat,
1242 1515 1362 1544 orare
1393 1486 1567 1554 occipit:

442 1580 495 1618 Et
526 1579 643 1628 haec,
678 1580 924 1618 communia
955 1580 1150 1618 omnium
1182 1590 1290 1627 quae
1321 1581 1423 1619 sunt
1447 1581 1630 1631 patrum,

443 1655 544 1694 Sese
575 1665 725 1694 senem
758 1665 852 1694 esse
885 1655 1044 1694 dicere:
1079 1655 1201 1694 illum
1233 1656 1379 1694 autem
1405 1655 1602 1695 unicum:

442 1730 709 1769 Praesidium
740 1731 850 1769 velle
881 1741 928 1769 se
959 1731 1170 1770 senectuti
1202 1741 1317 1770 suae.

267 1805 428 1845 Schol.:
504 1816 705 1855 „omnem
776 1816 951 1845 causam
1018 1806 1301 1845 adolescentis
1367 1817 1500 1845 senex
1566 1807 1818 1856 amputavit,

265 1892 339 1930 pro
386 1892 462 1920 suo
509 1881 634 1920 senili
681 1882 904 1920 commodo
951 1892 1128 1930 rogans:
1177 1882 1388 1931 potuisset
1429 1882 1544 1920 enim
1575 1882 1821 1922 adolescens

266 1956 426 1996 dicere:
485 1967 614 2005 quam
670 1968 744 2006 pro
800 1968 870 1996 me
918 1968 1065 1996 curam
1111 1957 1236 2007 geris,
1284 1958 1394 1996 hanc
1439 1967 1586 2006 precor
1630 1968 1706 2007 pro
1750 1968 1822 1997 me

266 2033 494 2080 deponas.’'
536 2033 694 2081 Utique
732 2033 916 2072 alterum
947 2043 1042 2081 pro
1073 2043 1153 2071 me
1186 2032 1483 2071 abiiciendum.
1518 2032 1675 2072 Curam
1705 2032 1821 2071 enim

266 2121 359 2159 pro
412 2110 600 2158 aliquo
652 2119 867 2157 gerere,
912 2119 996 2147 non
1037 2118 1138 2147 vero
1180 2118 1273 2156 pro
1316 2108 1504 2155 aliquo
1546 2108 1821 2157 deponere

266 2195 509 2234 possumus.
543 2185 596 2223 Et
626 2194 700 2232 pro
733 2183 1122 2222 adolescentis
1153 2183 1245 2231 lege
1277 2182 1643 2222 adolescenti.

327 2261 520 2299 Senem
562 2270 686 2299 sese
729 2260 938 2305 dicere]
986 2259 1115 2308 „illud
1145 2259 1290 2307 posset
1321 2268 1446 2306 agere
1478 2259 1646 2297 amator
1677 2259 1823 2298 contra

268 2336 501 2375 utilitatem
528 2346 675 2374 suam:
706 2335 780 2374 sed
807 2345 891 2374 non
917 2335 1085 2383 poterat
1100 2333 1213 2372 filius
1231 2334 1378 2372 contra
1394 2332 1628 2372 utilitatem
1644 2333 1821 2382 patris.”

267 2413 347 2451 Pro
379 2411 522 2450 illud
553 2412 646 2460 lege
677 2411 835 2450 aliud
868 2412 939 2456 (sc.
974 2420 1113 2458 quam,
1136 2409 1245 2457 quod
1277 2410 1398 2457 pater
1428 2408 1584 2454 vellet).

328 2487 516 2536 Quatuor
561 2497 673 2525 nuno
720 2486 917 2535 deinceps
964 2486 1016 2524 ad
1057 2486 1166 2524 hanc
1197 2494 1371 2523 scenam
1404 2484 1566 2523 scholia
1597 2484 1820 2534 annotabo,

268 2564 319 2602 de
350 2563 503 2611 quibus
535 2562 847 2611 desperandum
878 2561 1094 2600 videatur:

329 2639 397 2677 47.
445 2637 686 2676 Pudorin
734 2647 872 2676 anne
921 2636 1119 2682 amori]
1172 2635 1337 2684 „latens
1384 2634 1675 2674 excusationis
1715 2635 1824 2674 ratio

269 2714 483 2762 explicata
530 2714 637 2752 est.”
682 2712 811 2761 (Quae
851 2712 1131 2761 praecedunt:
1178 2711 1264 2760 „sic
1307 2710 1493 2750 ostendit
1524 2711 1568 2749 in
1598 2711 1824 2758 utramque

268 2791 436 2838 partem
477 2790 525 2828 ut
565 2790 737 2828 tantum
778 2789 820 2827 in
857 2788 1000 2827 animo
1032 2787 1201 2826 honesti
1233 2787 1515 2826 adolescentis
1545 2786 1678 2835 pudor
1709 2796 1822 2825 amo-

269 2875 361 2904 rem
406 2865 573 2903 vincere
615 2864 859 2902 debuisset''
901 2864 1016 2902 recte
1057 2873 1082 2901 a
1122 2862 1420 2901 Westerhovio
1452 2861 1679 2900 emendata
1708 2861 1820 2909 sunt,

271 2942 458 2979 tamen
489 2950 564 2988 pro
596 2941 816 2978 tantum
849 2938 1125 2983 coniiciente).
