2002 3464
946 371 1002 409 69

187 497 379 539 Chaerea
403 497 474 537 hic
499 497 590 546 agit
616 495 767 535 Thaidi
794 506 903 544 quae
930 496 1012 535 sibi
1039 497 1131 535 tam
1157 495 1283 534 facile
1312 495 1526 544 ignoverit
1542 505 1592 534 ac
1608 506 1758 534 secum

186 574 361 614 redierit
390 574 435 613 in
466 572 666 622 gratiam)
700 582 725 610 a
755 573 883 620 poeta
915 571 1130 611 Chaereae
1162 572 1366 611 tribuitur
1397 573 1446 611 ut
1472 571 1594 620 sequi
1620 571 1759 620 possit

186 650 374 690 ioculare
404 648 630 699 Pythiadis
663 648 828 687 dictum
861 651 939 694 (vs.
975 649 1099 694 883):

377 725 489 765 Tum
519 724 589 774 pol
619 723 698 763 tibi
730 724 782 763 ab
815 724 936 773 istoc,
972 734 1055 773 era,
1091 725 1332 763 cavendum
1364 724 1570 773 intelligo.

185 801 504 842 suavissimum
527 801 594 840 est
610 799 715 839 illud
732 800 962 839 verborum
979 800 1256 848 iocorumque
1271 800 1483 849 proelium
1500 800 1758 849 Pythiadem

183 877 297 919 inter
342 876 677 926 Chaereamque.
726 876 868 924 Atque
910 875 1079 925 egregie
1122 876 1227 915 illud
1270 876 1512 916 Scholiasta
1553 876 1755 926 illustrat,

184 953 307 994 cuius
351 963 489 1003 pauca
529 952 598 992 hic
637 951 831 992 afferam.
865 952 1090 991 Monuerat
1121 952 1302 1001 Pythias
1334 952 1544 991 Thaidem
1576 963 1629 991 ne
1662 953 1756 992 ado-

182 1029 420 1069 lescentem
460 1029 675 1068 lascivum
716 1028 1071 1077 petulantemque
1113 1029 1290 1067 domum
1333 1039 1460 1067 suam
1493 1029 1755 1068 admitteret.

182 1103 294 1145 Tum
328 1105 556 1152 (901—4):

276 1178 280 1184 ¹
363 1180 433 1222 Oh.
466 1182 562 1222 Non
592 1181 751 1221 faciam
783 1181 977 1230 Pythias.
1010 1181 1086 1231 Py.
1121 1181 1215 1220 Non
1247 1182 1372 1220 credo
1405 1180 1606 1230 Chaerea,

360 1258 454 1298 Nisi
485 1259 523 1298 si
555 1258 842 1298 commissum
873 1268 959 1297 non
992 1257 1086 1297 erit.
1123 1256 1192 1297 Ch.
1227 1257 1348 1307 Quin,
1383 1257 1576 1307 Pythias,

361 1334 424 1374 Tu
455 1345 528 1374 me
559 1335 747 1374 servato.
781 1333 857 1384 Py.
892 1334 1039 1383 Neque
1071 1334 1142 1383 pol
1174 1334 1439 1373 servandum
1470 1333 1549 1372 tibi

363 1411 602 1462 Quicquam
634 1411 735 1450 dare
768 1410 923 1461 ausim,
958 1421 1097 1459 neque
1129 1412 1172 1450 te
1205 1421 1392 1450 servare.
1428 1420 1562 1459 apage
1594 1411 1650 1449 te.

181 1488 377 1528 Annotat
408 1487 651 1527 Scholiasta
682 1488 735 1526 ad
767 1497 832 1526 vs.
867 1488 976 1526 901:
1014 1486 1287 1537 „ioculariter
1317 1488 1367 1525 ut
1393 1486 1465 1525 ille
1492 1486 1754 1536 Pythias,

172 1563 243 1604 >ita
282 1564 391 1603 haec
428 1563 646 1604 Chaerea'’
682 1564 725 1603 et
757 1564 810 1602 ad
841 1574 905 1603 vs.
940 1564 1218 1612 sequentem:
1257 1563 1443 1613 „iterum
1475 1573 1634 1602 nomen
1666 1563 1755 1602 vul-

180 1641 305 1680 tuose
347 1641 416 1680 est
456 1639 695 1690 additum,”
718 1635 746 1686 ¹)
779 1640 961 1688 denique
993 1640 1046 1679 ad
1077 1650 1142 1679 vs.
1177 1639 1286 1679 903:
1325 1640 1493 1689 „totum
1525 1639 1757 1688 garrule

181 1717 226 1756 et
245 1716 535 1766 gesticulo
547 1727 570 1755 s
583 1726 618 1766 e,
632 1717 682 1755 ut
698 1716 890 1765 puellam
909 1726 1008 1755 cum
1026 1715 1347 1755 adolescentulo
1364 1715 1547 1754 fabulari
1563 1715 1756 1754 videas”.

239 1792 379 1832 Versu
425 1793 573 1832 autem
621 1793 706 1832 902
754 1793 798 1832 in
840 1793 954 1832 nisi
996 1793 1044 1831 si
1089 1791 1457 1831 commissum
1500 1802 1605 1830 non
1647 1791 1759 1831 erit

180 1869 398 1919 paulisper
443 1869 623 1918 haereo;
672 1868 867 1908 additum
909 1879 1014 1908 sane
1061 1869 1285 1918 oportebat
1316 1852 1645 1918 quicquam.
1689 1869 1758 1908 An

180 1955 256 1994 pro
287 1955 394 1985 non
424 1945 655 1995 legendum
687 1945 799 1985 nil?

239 2020 352 2061 Dum
394 2021 457 2061 illi
497 2022 650 2062 ludunt
693 2022 836 2061 subito
874 2021 1081 2061 Chremes
1114 2022 1388 2072 conspicitur,
1423 2023 1757 2070 recordatusque

181 2097 371 2139 Chaerea
412 2108 544 2147 quam
579 2099 751 2148 turpem
790 2098 924 2137 etiam
955 2099 1078 2147 gerat
1108 2108 1352 2148 personam,
1388 2109 1487 2137 cum
1520 2098 1681 2138 Thaide
1714 2098 1757 2138 in

181 2173 310 2214 aedes
341 2174 434 2214 eius
465 2175 687 2224 properat;
722 2175 824 2214 ante
857 2174 1021 2214 ostium
1053 2174 1192 2213 restat
1223 2173 1416 2223 Pythias.

737 2466 885 2506 Aeros
916 2466 954 2505 V
987 2466 1132 2506 SCENA
1163 2468 1203 2507 3.

243 2592 625 2642 Appr'opinquante
681 2593 910 2634 Chremete
968 2595 1012 2633 et
1058 2594 1274 2634 nutricem
1321 2594 1529 2633 incitante
1577 2592 1758 2641 Pythias

184 2679 334 2709 secum
367 2668 575 2708 deliberat
606 2670 819 2718 quomodo
851 2680 877 2709 a
908 2670 1189 2720 Parmenone,
1225 2681 1250 2709 a
1281 2681 1364 2719 quo
1392 2670 1454 2709 ita
1480 2669 1539 2708 sit
1565 2669 1755 2717 decepta,

181 2746 230 2784 ut
261 2745 343 2784 sibi
377 2745 510 2784 etiam
541 2745 671 2785 herae
702 2745 832 2785 fuerit
862 2746 1058 2785 timenda
1085 2746 1160 2795 ira,
1190 2756 1351 2795 poenas
1378 2747 1537 2785 sumat.
1567 2745 1604 2783 A
1632 2744 1756 2784 Chre·
1781 2742 1784 2746 ’

219 2915 241 2950 ¹)
259 2914 405 2944 conferri
433 2915 577 2950 possunt
595 2914 632 2943 in
657 2914 858 2946 Phormione
885 2915 954 2945 ista
983 2918 1045 2952 (vs.
1073 2914 1127 2946 437
1155 2915 1190 2946 et
1217 2915 1281 2950 439)
1308 2914 1401 2945 Dixi
1433 2913 1638 2945 Phormio.
1657 2914 1755 2946 Dixi

174 2966 391 3005 Demipho,
408 2965 466 2997 ubi
485 2973 516 2995 v.
536 2966 643 2998 schol.
1374 2972 1376 2974 ·
