2002 3464
224 534 226 536 r
281 496 583 542 argumentum
625 495 805 534 fabulae.
849 495 940 534 Hoc
982 497 1128 534 autem
1159 496 1314 534 maluit
1344 496 1568 535 Terentius
1600 506 1729 544 quam
1761 497 1836 536 aut

1020 371 1103 409 220

281 581 354 618 per
385 570 606 618 prologum
635 572 828 609 narraret
855 572 1155 619 argumentum
1186 572 1260 609 aut
1286 570 1383 609 θεὸν
1411 570 1488 609 ἀπὸ
1516 576 1691 622 μηχανῆς
1717 571 1834 612 indu-

281 646 394 684 ceret
425 645 582 692 loqui.'’
617 645 725 693 Ergo
754 645 1011 694 colloquium
1038 646 1262 684 Philotidis
1290 647 1504 694 Syraeque
1532 647 1642 695 apud
1668 646 1834 696 Apollo·
1852 649 1862 653 ⁷

281 721 431 759 dorum
472 731 557 758 non
588 720 681 759 fuit.
705 717 730 766 ¹)
763 721 816 759 Et
846 731 976 769 quam
1008 721 1196 769 lepidum
1228 721 1331 759 illud
1362 721 1431 770 sit,
1466 732 1594 769 quam
1627 723 1725 770 apte
1756 721 1835 761 ele-

281 796 515 843 ganterque
561 805 616 833 ex
662 796 775 834 nuda
821 795 1065 834 narratione
1106 796 1221 834 iusta
1261 806 1389 834 scena
1420 796 1534 835 facta
1565 797 1634 846 sit,
1669 796 1836 846 egregie

281 871 404 909 docet
431 870 681 919 Scholiasta,
711 871 832 909 cuius
860 881 990 910 unam
1017 871 1128 910 hanc
1154 871 1284 910 affero
1311 871 1645 911 annotationem.
1663 871 1737 911 Vs.
1759 872 1835 911 18:

282 946 491 984 collocuta
523 956 621 984 cum
653 946 863 985 Philotide
896 947 1003 995 Syra
1034 956 1142 985 anus
1169 946 1439 994 multumque
1465 947 1585 985 illam
1612 947 1838 987 adhortata

281 1032 334 1060 ne
381 1022 635 1069 cuiusquam
682 1023 889 1061 amatoris
930 1022 1094 1071 peculio
1135 1023 1293 1071 parcat,
1338 1022 1541 1070 quoniam
1571 1021 1719 1070 perfidi
1749 1021 1839 1060 sint

282 1107 443 1146 omneS,
479 1097 530 1135 ad
565 1098 812 1135 extremum
843 1097 949 1136 haec
980 1097 1129 1136 dicitz.
1727 1099 1729 1101 ’

518 1172 636 1211 Eheu
668 1183 738 1211 me
770 1173 989 1222 miseram,
1024 1183 1098 1211 cur
1128 1183 1213 1211 non
1245 1174 1319 1211 aut
1350 1172 1484 1211 istaec
1514 1171 1622 1210 mihi

519 1249 652 1287 Aetas
685 1250 727 1287 et
757 1248 896 1286 forma
928 1249 994 1286 est
1025 1249 1100 1286 aut
1130 1248 1208 1286 tibi
1239 1248 1344 1286 haec
1375 1247 1621 1286 sententia?

284 1323 378 1362 Sch.
426 1323 573 1361 Eheu
619 1333 699 1361 me
745 1323 1034 1369 miseram]
1083 1324 1226 1372 „bene,
1270 1324 1369 1371 quia
1410 1333 1493 1362 non
1535 1323 1685 1372 suasit,
1731 1323 1836 1369 [sed]

283 1398 487 1437 affectum
520 1399 677 1437 doloris
709 1399 934 1446 expressit.
968 1399 1226 1447 Intelligitur
1258 1399 1373 1437 enim
1406 1386 1460 1436 ex
1486 1398 1609 1437 vultu
1635 1398 1727 1437 eius
1753 1408 1838 1437 non

283 1483 379 1512 eam
411 1474 677 1522 persuasisse
709 1474 819 1522 quod
849 1474 1028 1512 voluit.”
1741 1463 1744 1467 ¹

342 1549 553 1597 Inspectis
600 1550 774 1588 scholiis
816 1549 868 1588 ad
910 1550 962 1598 Π,
1000 1550 1036 1598 1,
1074 1550 1093 1588 1
1138 1550 1180 1588 et
1221 1549 1270 1598 V,
1306 1550 1343 1599 2,
1378 1551 1403 1588 8
1436 1550 1612 1598 apparet
1643 1549 1838 1588 bonam

283 1634 455 1662 socrum
486 1625 795 1672 bonamque
827 1624 1101 1663 meretricem
1127 1634 1152 1662 a
1178 1624 1375 1663 Terentio
1402 1625 1614 1681 inventas.
1641 1622 1702 1664 Of.
1731 1633 1840 1673 quae
1987 1623 1993 1642 ⁸

284 1699 398 1738 dicta
429 1701 531 1737 sunt
560 1709 654 1747 pag.
692 1700 787 1737 191.

342 1774 466 1823 Apud
523 1774 772 1813 Terentium
827 1774 1007 1813 Bacchis
1058 1775 1205 1813 narrat
1250 1774 1332 1813 sibi
1378 1775 1520 1823 ipsum
1566 1773 1840 1823 Pamphilum

284 1859 483 1888 narrasse
530 1859 555 1888 a
600 1859 646 1888 se
693 1849 905 1897 virginem
946 1850 1145 1888 vitiatam
1189 1850 1232 1888 et
1262 1850 1486 1897 quomode.
1519 1849 1643 1898 Apud
1673 1849 1839 1898 Apollo-

284 1925 436 1963 dorum
483 1924 565 1963 alio
611 1925 738 1963 modo
784 1934 830 1963 se
871 1935 940 1963 res
981 1924 1121 1973 habet,
1165 1924 1377 1972 siquidem
1418 1924 1603 1972 legimus
1644 1924 1754 1970 (Sch.
1787 1923 1841 1963 ad

284 2000 333 2049 V,
358 2001 407 2049 3,
443 2001 535 2045 27):
582 2000 810 2049 „brevitati
851 2001 1035 2039 consulit
1066 2000 1302 2050 Terentius,
1335 1982 1513 2039 namin
1544 2000 1706 2040 Graeca
1734 2001 1842 2040 haec

286 2076 482 2124 aguntur,
516 2085 602 2113 non
633 2076 903 2114 narrantur.”
936 2076 1134 2114 Absurda
1164 2076 1270 2114 haec
1300 2077 1403 2114 sunt
1434 2077 1477 2114 et
1508 2086 1533 2114 a
1564 2076 1840 2124 compilatore

287 2151 484 2198 corrupta
526 2150 611 2198 (qui
653 2152 767 2189 enim
811 2152 854 2189 in
890 2161 1018 2190 scena
1050 2151 1118 2199 agi
1149 2152 1330 2200 possunt
1360 2161 1468 2199 quae
1500 2151 1654 2190 abhinc
1683 2160 1840 2190 novem

286 2235 459 2263 menses
501 2226 616 2264 facta
657 2227 758 2265 sunt
770 2227 803 2272 ?)
847 2227 999 2265 docent
1039 2228 1187 2265 tamen
1227 2226 1297 2265 hic
1339 2236 1504 2274 quoque
1544 2226 1658 2265 haud
1688 2226 1841 2265 leviter

286 2301 568 2340 immutatum
600 2302 849 2350 exemplum
881 2302 1104 2341 Graecum.

347 2376 406 2414 Id.
441 2377 493 2415 ad
524 2377 572 2426 V,
608 2378 647 2426 3,
681 2378 759 2416 35:
797 2377 1032 2427 „conclusit
1073 2376 1362 2416 narrationem
1398 2377 1567 2416 fabulae
1598 2387 1718 2416 more
1748 2386 1838 2426 suo,

287 2462 340 2490 ne
381 2451 488 2490 haec
528 2451 572 2490 in
603 2452 746 2491 futuro
779 2454 877 2491 actu
910 2453 1302 2501 exspectaremus.”
1337 2453 1462 2500 (Lege
1493 2451 1735 2491 inclusit
1765 2461 1840 2500 pro

289 2528 575 2567 conclusit
606 2530 648 2567 et
679 2530 1071 2577 spectaremus
1101 2538 1176 2576 pro
1208 2529 1702 2576 exspectaremus).

329 2743 347 2775 ¹)
375 2740 487 2774 Atque
514 2740 716 2776 ingeniosior
744 2747 844 2775 quam
870 2739 979 2768 verior
1003 2738 1143 2773 Bentleji
1169 2737 1356 2766 coniectura
1383 2745 1401 2766 e
1421 2737 1572 2772 corrupto
1592 2736 1634 2765 ad
1652 2735 1840 2766 Terentium
1860 2760 1861 2763 ,

288 2792 413 2821 scholio
431 2792 495 2820 hoc
512 2792 644 2821 fabulae
664 2792 805 2820 Graecae
823 2791 995 2820 exordium
1013 2790 1175 2819 eruentis:
1902 2778 1904 2785 ’

728 2849 842 2885 ὀλίγαις
865 2846 992 2889 ἐραστὴς
1014 2845 1110 2884 γέγον’
1136 2847 1303 2887 ἑταίραισιν
1325 2847 1409 2886 Σύρα

727 2907 860 2948 βέβαιος.
