2002 3464
1008 397 1088 436 116

499 524 568 573 IV,
604 524 641 573 2,
677 524 731 562 52
764 523 1149 562 silicernium:
1183 532 1208 561 a
1240 523 1448 576 cernendo
1481 522 1670 560 silentes.

498 599 546 648 V,
582 600 620 648 3,
655 600 680 638 4
767 599 906 637 maria
936 597 1122 646 Neptuni
1153 597 1205 636 ab
1232 597 1340 636 irato
1366 597 1527 636 Demea
1553 596 1818 644 invocantur,

823 674 892 712 vel
924 673 1033 721 quod
1066 673 1146 711 diis
1173 682 1337 720 quoque
1364 673 1562 711 irascitur
1593 670 1666 718 qui
1697 670 1741 718 in
1766 669 1820 708 iis

824 749 1125 797 commoratur,
1154 748 1223 787 vel
1250 748 1349 795 quia
1366 748 1466 786 deos
1483 757 1568 785 non
1585 756 1680 785 esse
1697 746 1821 795 putat

825 825 929 863 haec
961 824 1107 863 omnia
1137 823 1350 872 Neptunia
1381 823 1493 872 dicit,
1532 823 1580 861 ut
1612 822 1679 860 est
1710 820 1821 870 apud

822 899 1072 948 Virgilium:

882 975 1037 1014 Omnia
1066 974 1136 1013 vel
1167 974 1359 1013 medium
1390 972 1497 1012 fiant
1527 983 1661 1012 mare.

495 1052 544 1102 V,
579 1052 618 1102 8,
654 1052 708 1090 29
764 1051 1015 1089 verbum:
1050 1060 1075 1088 a
1107 1049 1301 1088 veritate.

259 1130 362 1168 Hec.
498 1128 529 1178 Ι,
568 1129 603 1177 1,
638 1127 663 1165 8
765 1126 1059 1165 Mulciber:
1094 1135 1119 1164 a
1150 1124 1403 1163 mutilando.

498 1204 529 1253 Ι,
565 1204 602 1253 2,
639 1204 662 1241 2
764 1201 1117 1251 percontari:
1152 1211 1177 1239 a
1209 1201 1345 1239 conto.

497 1279 549 1328 ΙΙ,
587 1279 623 1328 1,
657 1278 710 1316 41
770 1278 992 1326 oppido:
1041 1287 1066 1315 a
1112 1276 1224 1314 dicto
1271 1275 1552 1323 rusticorum:
1605 1273 1699 1322 „vel
1739 1272 1821 1311 toti

821 1353 972 1401 oppido
1003 1351 1161 1390 messis
1192 1361 1291 1389 mea
1322 1350 1521 1388 sufficit.''

496 1430 570 1479 ΙΙΙ,
605 1431 643 1479 4,
680 1430 731 1468 27
767 1439 888 1468 caro:
913 1439 940 1467 a
966 1428 1139 1467 cadendi
1163 1427 1281 1466 verbo
1308 1426 1366 1465 vel
1392 1437 1419 1465 a
1445 1425 1613 1465 carendi
1630 1425 1818 1471 (anima).

496 1506 570 1555 ΙΙΙ,
605 1506 643 1554 5,
678 1506 703 1543 9
767 1502 1462 1543 consobrinuszsororinus.

498 1581 571 1630 ΙΙΙ,
607 1582 645 1630 5,
681 1581 734 1619 53
767 1581 1070 1628 protervus
1112 1580 1155 1617 et
1197 1588 1222 1616 a
1263 1577 1534 1616 substantivo
1565 1577 1687 1615 tauro
1720 1577 1763 1615 et
1795 1585 1820 1614 a

518 1642 522 1646 ’
820 1656 950 1694 verbo
981 1655 1236 1704 proterendi.

498 1734 567 1783 IV,
606 1734 641 1782 1,
676 1734 729 1771 41
768 1733 950 1770 virum
1017 1731 1266 1769 firmum:
1334 1729 1510 1768 firmum
1576 1728 1620 1767 in
1681 1726 1820 1767 officio

823 1808 973 1848 coitus.

495 1887 564 1936 IV,
599 1887 638 1935 4,
676 1886 727 1924 19
765 1894 1105 1933 praegnans:
1150 1883 1249 1921 ante
1290 1883 1470 1930 gnatum
1511 1880 1580 1919 vel
1621 1881 1720 1919 ante
1751 1890 1818 1928 ge-

820 1961 1042 2000 netricem.

495 2039 543 2088 V,
582 2039 616 2088 1,
652 2039 677 2077 3
765 2038 1074 2086 impetrare
1091 2036 1184 2074 ideo
1202 2035 1252 2073 de
1270 2034 1396 2073 rebus
1414 2033 1653 2072 difficilibus
1665 2032 1819 2072 dicitur

817 2112 917 2160 quia
952 2111 1118 2160 proprie
1146 2111 1198 2149 ad
1221 2109 1382 2148 coitum
1398 2108 1605 2157 pertinet3
1625 2108 1677 2147 ad
1694 2107 1818 2147 illum

819 2191 965 2228 autem
1007 2187 1219 2237 perveniri
1251 2196 1337 2224 non
1367 2186 1508 2234 potest
1541 2185 1624 2223 nisi
1655 2185 1817 2234 nuptiis

819 2263 1131 2312 contrahendis,
1161 2272 1269 2310 quae
1292 2271 1360 2299 res
1377 2260 1565 2298 multum
1582 2260 1712 2298 habet
1727 2270 1814 2298 mo-

816 2340 967 2379 lestiae
1008 2339 1178 2387 propter
1218 2337 1335 2384 leges
1376 2335 1667 2382 formulasque
1694 2345 1816 2382 quae

819 2416 920 2454 sunt
952 2413 1241 2453 observandae
1260 2413 1282 2457 (1
1299 2413 1336 2457 l).

256 2496 427 2534 Phorm.
491 2494 543 2543 ΙΙ,
581 2494 616 2542 1,
652 2493 703 2531 57
765 2491 1041 2530 columen:
1086 2489 1284 2527 columna
1325 2487 1435 2524 unde
1480 2487 1522 2524 et
1564 2485 1815 2524 columellae

816 2566 931 2605 servi
961 2565 1147 2604 maiores
1179 2562 1307 2601 domi.

477 2641 1038 2694 IV,4,28sq.hariolus:
1072 2650 1098 2678 a
1127 2639 1266 2677 fando.

725 2769 728 2772 .
758 2718 1064 2765 haruspex:
1098 2715 1149 2753 ab
1182 2714 1298 2752 hara.

491 2795 539 2845 V,
577 2796 612 2844 1,
651 2795 702 2832 19
760 2793 1018 2832 effutire:
1053 2802 1077 2830 a
1108 2801 1211 2829 vase
1242 2789 1367 2828 futili.

491 2871 539 2919 V,
575 2871 613 2919 8,
649 2871 702 2908 95
761 2878 973 2917 pugnos
1029 2867 1082 2904 in
1132 2867 1386 2903 ventrem
1430 2864 1644 2912 ingere:
1691 2872 1808 2900 ven-

816 2946 956 2981 trem
987 2952 1062 2990 pro
1089 2941 1180 2989 ipso
1212 2940 1411 2988 parasito.
