2002 3464
893 383 948 423 33

137 510 400 553 Scholiasta:
446 513 592 562 „grate
634 511 850 559 expressit
886 511 1009 549 stulti
1042 510 1271 550 infantiam
1303 511 1469 560 militis,
1504 510 1576 559 qui
1609 511 1708 549 ante

71 591 74 594 ’
132 588 230 628 vult
275 588 458 637 intelligi
504 587 615 636 quod
662 586 808 635 sentit,
859 596 991 634 quam
1038 587 1129 635 ipse
1178 587 1335 625 dicat.'’
1385 572 1709 626 Eiusdemmodi

134 664 292 714 legitur
336 663 579 704 observatio
626 662 679 701 ad
725 672 790 701 vs.
839 662 938 710 412,
983 662 1055 700 ubi
1097 662 1160 700 sic
1202 662 1253 701 de
1297 672 1377 701 sua
1413 662 1526 711 apud
1562 672 1709 711 regem

134 740 276 790 gratia
304 749 479 779 narrare
510 738 673 788 pergit:

953 814 1149 852 Invidere
1182 824 1334 853 omnes
1366 814 1488 864 mihi,

357 891 547 931 Mordere
580 891 846 930 clanculum:
881 901 958 939 ego
991 900 1076 928 non
1109 890 1230 929 flocci
1263 891 1471 939 pendere:

357 967 554 1007 Invidere
586 977 739 1015 omnes
770 966 891 1005 mihi.

137 1036 267 1094 „Mire
298 1045 367 1084 est
395 1043 512 1084 facta
542 1043 702 1083 nullius
729 1043 934 1092 ponderis.
956 1042 1156 1091 repetitio
1184 1043 1236 1081 ad
1264 1043 1467 1082 inertiam
1493 1043 1710 1092 loquentis

133 1120 506 1170 exprimendam.”
549 1119 786 1158 Prudenter
833 1119 938 1157 haec
986 1118 1216 1157 observata
1261 1119 1485 1168 videntur;
1534 1120 1610 1159 sed
1656 1130 1709 1159 ne

107 1195 221 1237 'illic
252 1196 427 1245 quidem
457 1195 628 1244 obloqui
660 1194 927 1234 scholiastae
961 1194 1115 1242 ausim,
1150 1194 1222 1232 ubi
1255 1196 1333 1239 (vs.
1367 1195 1468 1240 432)
1503 1196 1556 1234 ad
1587 1205 1708 1234 voca-

132 1272 283 1313 bulum
317 1272 546 1322 „emoriri”
580 1271 687 1310 haec
717 1270 806 1309 fere
836 1271 1039 1309 annotat:
1073 1269 1258 1318 „vitiosa
1283 1270 1424 1309 forma
1451 1281 1535 1318 qua
1556 1272 1710 1311 militis

132 1349 322 1390 stultitia
367 1347 634 1398 significetur
681 1347 725 1386 et
771 1346 1003 1395 rideatur”,
1047 1346 1149 1385 licet
1189 1346 1329 1395 primo
1377 1349 1554 1395 aspectu
1602 1349 1711 1387 satis

133 1424 320 1465 absurda
359 1434 412 1464 ea
452 1423 697 1464 observatio
739 1423 875 1462 videri
917 1422 1067 1471 possit.
1113 1422 1176 1461 Sit
1218 1432 1323 1462 sane
1360 1423 1593 1462 emoriri
1626 1434 1711 1463 non

132 1500 292 1541 vitiosa
331 1500 484 1550 forma,
528 1501 597 1539 est
637 1501 786 1538 tamen
828 1499 974 1537 minus
1021 1499 1196 1548 usitata,
1242 1500 1285 1537 et
1327 1509 1402 1538 cur
1443 1499 1571 1539 miles
1613 1510 1711 1539 eam

134 1577 336 1618 adhibeat
381 1577 547 1617 nullam
594 1576 726 1616 aliam
774 1586 952 1615 causam
999 1576 1123 1614 video
1167 1586 1298 1624 quam
1340 1576 1575 1615 stultitiam
1618 1576 1711 1615 eius

117 1650 482 1703 ‘barbariemquffi
515 1663 729 1702 saepeque
761 1652 805 1690 in
837 1652 1059 1691 comoedia
1090 1662 1226 1691 unum
1254 1652 1424 1701 aliquod
1451 1652 1710 1691 vocabulum

132 1730 273 1770 rarius
299 1729 354 1769 ad
379 1729 672 1778 spectantium
699 1728 932 1767 cachinnos
960 1728 1213 1766 excitandos
1241 1727 1456 1767 efficacius
1484 1730 1551 1767 est
1578 1739 1707 1777 quam

133 1804 262 1855 longa
292 1806 422 1855 atque
454 1805 716 1854 ineptiarum
747 1803 873 1852 plena
904 1803 1134 1842 sententia.

193 1891 258 1922 vs.
291 1878 391 1923 406.
424 1880 564 1920 Verbo
597 1880 793 1919 nostin
826 1879 1117 1928 interrogatus
1150 1879 1320 1918 Gnatho
1354 1881 1605 1929 respondet:

332 1997 334 1999 .
1259 1956 1348 1995 scio

251 2054 254 2055 ν
329 2033 459 2083 Quasi
490 2033 562 2072 ubi
594 2032 714 2071 illam
747 2032 979 2080 exspueret
1012 2031 1236 2070 miseriam
1269 2042 1324 2070 ex
1357 2032 1515 2071 animo.
1558 2031 1561 2033 ’

133 2108 216 2149 Hic
246 2109 347 2159 quid
378 2109 460 2148 sibi
492 2109 598 2148 velit
629 2108 889 2147 vocabulum
922 2108 1012 2147 ubi
1046 2104 1228 2147 minime
1260 2109 1466 2157 intelligo.
1500 2109 1565 2147 Ex
1591 2119 1707 2157 prae-

103 2211 105 2213 .
134 2185 302 2225 cedenti
327 2195 458 2224 versu
484 2184 709 2234 irrepsisse
737 2194 903 2234 censeo,
933 2184 1003 2223 hic
1028 2194 1132 2224 vero
1163 2185 1312 2234 „quasi
1340 2186 1425 2224 ut”
1454 2185 1707 2234 legendum:

133 2261 197 2300 sic
228 2261 346 2301 enim
378 2261 556 2301 demum
588 2262 704 2300 recte
735 2260 937 2310 procedet
969 2260 1120 2299 oratio.

198 2337 541 2387 „Perpaucorum
598 2337 825 2376 hominum
881 2347 958 2375 rex
1012 2337 1106 2375 est'’
1155 2337 1325 2376 dixerat
1373 2337 1550 2376 Thraso.
1592 2331 1709 2376 'Tum
1741 2382 1750 2387 .

135 2412 305 2453 Gnatho
338 2415 416 2460 (vs.
451 2414 576 2460 409):

801 2489 943 2527 Immo
975 2489 1192 2528 nullorum
1227 2489 1410 2528 arbitror

433 2565 478 2604 Si
508 2567 654 2604 tecum
694 2565 813 2604 vivit.

136 2641 330 2680 Annotat
361 2641 623 2680 Scholiasta:
661 2641 767 2690 „hoc
804 2651 985 2680 aversus
1017 2650 1070 2679 ne
1102 2641 1230 2679 miles
1262 2641 1451 2680 audiat.”
1485 2641 1629 2691 Recte,
1659 2644 1708 2681 ut

136 2716 296 2766 opinor,
330 2716 431 2756 licet
462 2717 577 2756 idem
609 2717 760 2756 addat:
798 2718 967 2766 „potest
999 2718 1148 2755 tamen
1180 2718 1224 2756 et
1255 2717 1380 2756 aliter
1411 2717 1636 2766 intelligi.’'

195 2792 398 2831 Narravit
443 2792 606 2832 Thraso
654 2793 867 2841 quomodo
915 2790 1132 2840 quondam
1180 2793 1224 2831 in
1267 2803 1400 2832 coena
1440 2793 1706 2841 praefectum

137 2868 364 2917 quendam,
409 2878 435 2907 a
476 2879 558 2916 quo
601 2870 716 2907 esset
757 2869 998 2917 lacessituS,
1044 2867 1160 2906 ultus
1202 2868 1272 2907 sit.
1317 2868 1545 2907 Exclamat
1581 2869 1704 2908 Para-

137 2944 248 2983 situs
282 2944 379 2990 (417
415 2947 493 2992 sq.)
509 2955 517 2982 ε

1582 3015 1600 3043 3
