2002 3464
899 336 982 374 219

96 442 102 459 ’
148 461 230 501 hoc
260 471 357 500 esse
388 460 577 499 Terentii
609 459 855 499 artificium.
890 460 1115 498 Postremo
1147 459 1245 498 vide
1278 470 1387 507 quae
1423 461 1474 498 de
1507 469 1622 508 sene,
1658 459 1725 497 cui

148 537 261 587 apud
301 536 553 576 Terentium
594 536 776 585 nullum,
820 536 931 584 apud
975 535 1256 574 Menandrum
1300 535 1418 574 Simo
1451 545 1610 574 nomen
1643 538 1723 585 est,

147 611 341 653 diximus
371 623 412 662 p.
446 612 502 651 74
535 612 602 658 (ad
633 611 739 650 Eun.
773 611 823 660 V,
852 612 907 658 5).

207 765 258 804 In
283 765 504 805 Menandri
530 765 807 813 Adelphis
835 774 920 803 non
948 764 1069 802 venit
1097 764 1142 802 in
1168 774 1347 803 scenam
1375 764 1626 803 adolescens
1655 765 1725 812 qui

146 841 291 882 lenoni
333 841 490 891 eripuit
525 841 815 880 meretricem.
850 841 960 880 Eum
993 841 1221 879 Terentius
1254 841 1480 880 transtulit
1512 851 1534 880 e
1565 841 1726 890 Diphili

146 917 381 968 comoedia,
415 918 485 958 cui
515 918 671 957 titulus
704 917 1121 968 συναποθνήσκοντες.

204 992 387 1033 Leviora
418 994 471 1034 ad
504 994 688 1034 eandem
719 994 912 1033 fabulam
946 994 1207 1043 pertinentia
1239 1004 1295 1032 ex
1327 994 1408 1033 hoc
1436 1004 1593 1042 genere
1619 994 1727 1034 haec

145 1069 279 1116 tradit
330 1070 584 1119 Scholiasta,
635 1081 744 1119 quae
792 1071 942 1109 tamen
989 1070 1034 1108 in
1081 1080 1218 1108 unum
1266 1070 1496 1108 coniuncta
1544 1070 1727 1109 minime

145 1146 250 1185 sunt
281 1146 547 1195 spernenda:

204 1221 238 1272 I,
267 1222 307 1273 2,
339 1223 376 1263 1.
406 1223 546 1263 Schol.
575 1223 740 1262 Ehem
774 1224 1104 1272 opportune]
1129 1223 1312 1272 „melius
1329 1232 1462 1270 quam
1481 1222 1724 1272 Menander,

116 1321 122 1325 ι
145 1308 246 1338 cum
272 1299 343 1339 hic
369 1299 494 1339 illum
521 1300 574 1339 ad
601 1300 789 1348 iurgium
818 1299 1130 1348 promptiorem
1159 1310 1290 1347 quam
1318 1300 1371 1338 ad
1398 1299 1726 1338 resalutandum

143 1367 319 1415 faciat.”
351 1375 477 1424 Apud
509 1375 793 1414 Menandrum
826 1386 927 1424 ergo
960 1375 1123 1414 Demea
1154 1376 1379 1414 resalutat.

206 1449 261 1501 11,
285 1450 326 1500 4,
349 1451 416 1490 11.
435 1450 575 1490 Schol.
595 1451 648 1490 ad
675 1461 813 1500 pene
842 1461 864 1490 e
891 1452 1081 1500 patria
1109 1452 1315 1490 annotat:
1339 1451 1599 1501 „Menander
1615 1453 1727 1491 mori

145 1537 248 1566 eum
295 1525 632 1576 (Ctesiphonem)
682 1528 873 1567 voluisse
921 1527 1057 1577 fingit,
1108 1527 1336 1566 Terentius
1383 1527 1580 1577 fugere,''
1629 1528 1727 1567 vide

145 1602 276 1643 huius
305 1603 404 1643 libri
435 1614 476 1653 p.
511 1605 581 1643 84.

203 1678 280 1729 111,
329 1679 368 1728 2,
413 1680 483 1719 54.
527 1680 653 1728 Apud
695 1680 946 1719 Terentium
989 1680 1140 1730 Hegio,
1186 1681 1308 1720 cuius
1351 1691 1477 1730 opem
1522 1680 1727 1729 implorat

35 1764 37 1766 ·
83 1787 86 1790 .
145 1755 355 1806 Sostrata,
398 1756 654 1805 Pamphilae
696 1757 850 1806 mater,
897 1757 1119 1819 Sostratae
1152 1758 1375 1807 cognatus,
1411 1757 1523 1805 apud
1557 1757 1726 1795 Menan-

144 1831 270 1871 drum
327 1831 523 1871 eiusdem
569 1831 703 1871 frater
750 1833 829 1871 est.
879 1814 1006 1871 Haud
1053 1832 1104 1871 de
1151 1832 1287 1871 nihilo
1335 1832 1417 1871 hoc
1466 1832 1727 1871 immutasse

143 1907 372 1947 Terentius
418 1907 602 1947 videtur.
645 1907 819 1947 Etenim
860 1908 998 1957 Hegio
1043 1908 1289 1957 depingitur
1320 1909 1549 1956 tamquam
1582 1918 1726 1947 exem-

72 1983 75 1987 '
142 1983 264 2033 plum
305 1974 556 2032 probitatis:
590 1993 616 2022 a
646 1983 780 2022 fratre
812 1985 961 2023 autem
994 1984 1210 2023 auxilium
1242 1984 1344 2023 ferri
1377 1984 1515 2023 sorori
1548 1985 1727 2033 eiusque

142 2057 270 2110 filiae,
318 2059 475 2108 quibus
520 2059 674 2109 ingens
720 2062 788 2099 est
834 2060 957 2099 illata
1002 2044 1171 2110 iniuria,
1222 2061 1405 2100 minime
1452 2061 1725 2100 mirandum:

144 2135 359 2175 eiusmodi
389 2133 646 2174 fidelitatem
677 2135 722 2174 in
755 2137 938 2185 cognato
969 2137 1203 2175 remotiore
1235 2137 1467 2176 laudamus
1499 2137 1655 2186 magis.

202 2211 252 2262 V,
303 2212 343 2261 8,
397 2211 463 2250 15.
515 2211 666 2260 „Apud
712 2212 1024 2251 Menandrum”
1074 2213 1319 2252 Scholiasta
1361 2214 1423 2252 ait
1472 2223 1634 2263 „senex
1676 2213 1727 2252 de

143 2289 307 2338 nuptiis
338 2298 426 2328 non
455 2290 704 2337 gravatur.”
737 2289 848 2338 Ergo
879 2289 1102 2328 Menandri
1133 2290 1317 2329 lectores
1349 2277 1620 2339 lepidissima
1653 2290 1728 2329 illa

78 2414 80 2418 y
143 2365 448 2414 disputatione,
492 2374 588 2414 qua,
630 2365 821 2405 multum
862 2366 1067 2415 luctatus,
1112 2366 1236 2405 Micio
1278 2367 1455 2405 tandem
1495 2366 1725 2415 aliquando

144 2451 194 2480 eo
221 2441 447 2480 adducitur
472 2442 522 2480 ut
548 2441 791 2482 Sostratam
819 2453 952 2481 anum
974 2442 1115 2492 ducat,
1136 2445 1379 2482 caruerunt.
1398 2443 1542 2491 Atque
1560 2442 1726 2482 omissa

142 2516 218 2556 illa
258 2517 549 2566 disputatione
590 2518 709 2556 totus
750 2518 871 2557 locus
907 2517 958 2557 fit
990 2518 1354 2558 absurdissimus:
1387 2520 1570 2558 naturae
1604 2518 1722 2557 enim

144 2593 410 2634 contrarium
461 2595 530 2633 est
579 2594 722 2643 ipsum
775 2595 1004 2635 Micionem
1061 2596 1216 2635 statim
1267 2597 1449 2646 probare
1497 2595 1725 2637 ridiculam

143 2679 329 2719 poenam
361 2680 388 2709 a
418 2669 551 2710 fratre
582 2671 890 2720 excogitatam.

205 2821 436 2870 Hecyra.
477 2821 640 2861 Schol.:
678 2833 815 2872 „novo
847 2833 1003 2872 genere
1040 2824 1111 2863 hic
1142 2826 1324 2872 utraque
1356 2823 1570 2874 προτατικὰ
1603 2824 1726 2875 πρόσ-

146 2911 235 2937 ωπα
278 2897 551 2936 inducuntur.
595 2898 707 2937 Nam
750 2900 793 2938 et
833 2899 1016 2938 Philotis
1058 2900 1102 2938 et
1140 2900 1249 2948 Syra
1290 2910 1376 2939 non
1418 2900 1635 2949 pertinent
1672 2901 1725 2939 ad
