2002 3464
1035 354 1087 413 121

280 494 385 543 Quid
432 495 602 533 intersit
647 494 758 534 inter
804 498 925 536 sola
970 509 1087 538 sum
1135 501 1178 539 et
1217 501 1390 540 habeo
1432 502 1707 541 neminem
1744 513 1830 543 non

277 572 420 618 potest
474 571 630 610 melius
682 573 823 612 doceri
869 584 999 622 quam
1044 575 1112 613 his
1160 576 1423 616 Scholiastae
1469 579 1633 617 verbis:
1685 579 1832 628 „sola

278 656 394 684 sum
427 646 478 684 ab
510 647 563 684 iis
596 657 701 695 quos
732 648 887 687 natura
919 649 1117 689 conciliat
1147 661 1221 699 per
1252 661 1310 701 se,
1345 653 1517 692 habeo
1554 655 1832 695 neminem

277 730 424 759 eorum
456 722 527 769 qui
558 722 781 762 voluntate
813 723 1086 772 iunguntur&

335 796 415 834 Pro
458 797 694 837 amicum
731 798 951 847 Bentlejns
982 800 1211 849 legendum
1245 803 1445 842 censebat
1476 787 1692 855 notum,¹
1722 815 1830 855 quae

277 871 600 919 elegantissima
641 874 708 911 est
748 874 874 912 lectio
917 875 1049 914 etiam
1090 877 1261 925 propter
1303 878 1396 916 soni
1428 879 1755 920 similitudinem
1787 882 1832 921 in

275 949 535 988 notum...
590 951 900 998 cognatum.
955 951 1194 991 Scholiasta
1239 954 1386 992 tamen
1434 955 1671 995 amicum
1711 957 1828 1008 legit,

275 1023 385 1070 quod
418 1025 593 1072 apparet
625 1035 679 1063 ex
711 1025 803 1064 eius
835 1027 1132 1066 annotatione:
1171 1015 1302 1077 ghene
1333 1030 1414 1069 hoc
1440 1031 1550 1079 apud
1576 1033 1828 1084 amatorem,

275 1098 374 1145 quia
417 1101 483 1138 est
524 1100 638 1139 aliud
680 1102 918 1151 amator,
954 1102 1068 1141 aliud
1100 1104 1356 1144 amicus’'.
1391 1106 1435 1144 Si
1465 1116 1566 1146 vero
1598 1106 1672 1146 illa
1702 1117 1828 1147 anno-

274 1174 380 1212 tatio
413 1175 466 1213 ad
496 1186 648 1214 versus
680 1177 900 1224 sequentis
931 1188 1083 1217 vocem
1115 1179 1326 1219 amicos
1351 1181 1548 1231 pertinet,
1578 1183 1830 1230 quantocius

274 1250 560 1298 recipiendam
603 1261 755 1291 censeo
796 1253 979 1301 Bentleji
1021 1255 1322 1295 coniecturam.
1367 1256 1482 1296 Satis
1523 1258 1638 1297 enim
1668 1258 1829 1306 puerile

274 1324 353 1363 hoc
384 1325 575 1365 videtur:
613 1338 723 1376 „non
754 1328 889 1367 habeo
921 1330 1182 1370 amicum...
1217 1331 1338 1380 cupio
1371 1333 1533 1372 amicos
1558 1334 1749 1382 parere.”
1770 1328 1798 1380 ¹)

332 1400 555 1440 Postremo
586 1402 739 1442 blande
772 1403 901 1443 Thais
934 1415 959 1443 a
989 1405 1198 1445 Phaedria
1228 1406 1336 1455 petit
1366 1408 1415 1446 ut
1445 1418 1531 1447 non
1562 1409 1702 1448 solum
1734 1419 1827 1448 con-

273 1475 420 1514 silium
446 1486 574 1515 suum
600 1478 760 1527 probet,
789 1480 864 1517 sed
891 1480 1023 1519 etiam
1041 1481 1122 1519 sibi
1139 1481 1182 1519 in
1200 1492 1248 1520 eo
1266 1483 1536 1530 exsequendo
1553 1484 1663 1522 ferat
1679 1462 1826 1532 opem⁵z
1866 1516 1868 1518 .

332 1562 395 1590 vs.
433 1553 515 1591 150
547 1563 637 1601 sqq.
662 1592 665 1596 Α

539 1637 586 1676 Id
618 1638 771 1678 amabo
804 1639 949 1678 adiuta
980 1650 1050 1679 me
1083 1650 1164 1688 quo
1197 1641 1238 1679 id
1270 1640 1346 1680 fiat
1376 1641 1557 1682 facilius.

539 1713 638 1751 Sine
669 1714 792 1752 illum
823 1715 985 1762 priores
1016 1717 1161 1764 partes
1192 1717 1321 1755 hosce
1353 1717 1514 1765 aliquot
1545 1718 1635 1757 dies

537 1788 661 1837 Apud
691 1799 762 1827 me
793 1790 962 1828 habere.

272 1881 367 1919 Iure
399 1880 526 1919 huius
552 1881 634 1920 loci
659 1883 936 1921 venustatem
962 1882 1030 1920 his
1058 1883 1199 1921 verbis
1225 1883 1372 1923 laudat
1399 1885 1658 1924 Scholiasta:
1689 1886 1827 1936 „mira

272 1956 455 1995 coactio:
503 1967 578 2005 pro
625 1958 770 2006 patere
813 1958 983 1996 excludi
1024 1958 1218 1998 adiuta
1258 1970 1339 1998 me
1381 1961 1517 1999 dixit”
1561 1962 1604 1999 et
1647 1961 1825 2011 „blande

270 2032 392 2070 sine
434 2031 616 2081 illum,
660 2034 884 2081 tamquam
922 2033 965 2071 in
996 2044 1129 2072 manu
1162 2034 1252 2072 eius
1285 2035 1343 2073 sit
1374 2035 1574 2075 iniuriam
1605 2046 1691 2075 non
1720 2037 1822 2086 pati,

270 2107 313 2145 et
344 2106 513 2145 excludi
543 2107 771 2146 militem.''

327 2192 392 2220 vs,
429 2183 510 2221 152
574 2182 819 2231 Respondet
850 2182 1079 2223 Phaedria:

1159 2259 1379 2310 Pessuma,

475 2332 592 2381 Egon
625 2332 852 2381 quicquam
885 2343 983 2372 cum
1015 2334 1111 2373 istis
1142 2335 1268 2373 factis
1299 2318 1377 2374 tibi
1407 2336 1719 2384 respondeam?

268 2416 542 2464 gaudensque
573 2415 783 2455 Parmeno
817 2417 1054 2456 exclamat:

475 2499 548 2549 Eu,
582 2501 740 2550 noster,
774 2499 922 2549 laudo;
955 2501 1131 2540 tandem
1161 2501 1393 2550 perdoluit:
1427 2502 1493 2541 vir
1524 2512 1583 2541 es.

267 2582 382 2621 Nihil
424 2593 522 2632 ergo
564 2594 711 2623 eorum
754 2595 861 2632 quae
893 2585 1023 2623 Thais
1055 2586 1222 2624 dixerat
1252 2595 1299 2623 se
1331 2586 1499 2624 credere
1530 2587 1708 2634 uterque
1739 2585 1819 2634 sig-

267 2658 425 2698 nificat.
458 2659 538 2697 Illa
569 2659 684 2697 enim
717 2660 767 2698 de
795 2660 1058 2699 admittendo
1084 2659 1223 2698 milite
1248 2661 1455 2708 tanquam
1482 2661 1532 2699 de
1560 2661 1699 2709 aliquo
1726 2660 1819 2700 dolo

306 2831 326 2865 ¹)
347 2829 559 2859 Coniecturae
579 2829 794 2865 Bentlejanae
813 2829 867 2860 vel
886 2830 1118 2860 firmissimum
1137 2830 1340 2865 praesidium
1360 2831 1412 2860 est
1429 2831 1465 2860 in
1484 2831 1615 2861 Phorm.
1633 2837 1684 2860 vs.
1700 2831 1750 2860 98:

566 2883 678 2917 Neque
695 2884 797 2912 notus
815 2890 921 2918 neque
940 2883 1101 2918 cognatus
1121 2883 1216 2912 extra
1236 2890 1337 2911 unam
1358 2884 1524 2913 aniculam

567 2934 748 2974 Quisquam
770 2936 894 2966 aderat.
