2002 3464
1022 415 1106 453 210

286 543 504 581 Menandri
535 552 690 580 nervos
723 542 774 580 ab
808 552 856 580 eo
889 551 983 579 esse
1016 540 1220 579 infractos
1242 535 1281 586 ¹).
1315 541 1538 579 Mittamus
1570 541 1681 580 hanc
1707 551 1843 590 repre·

285 618 537 656 hensionem
570 619 612 656 et
644 627 772 655 suum
803 617 972 664 utrique
1003 615 1296 663 relinquamus
1327 616 1544 654 iudicium.
1574 616 1655 655 Sed
1681 617 1844 656 certam

284 703 377 732 rem
418 694 540 732 nobis
580 694 777 732 tradunt:
820 702 905 731 non
942 692 1069 730 anxie
1101 691 1309 739 pressisse
1341 691 1588 730 Terentium
1620 675 1846 731 auctorum

284 779 460 808 suorum
493 769 689 818 vestigia,
723 778 808 807 non
840 767 975 806 nimia
1007 766 1227 815 diligentia
1254 776 1401 805 eorum
1424 767 1635 809 ‘vocabula
1661 767 1844 808 vertisse

283 845 445 884 Latine.
494 845 547 883 Et
593 844 739 882 dicunt
785 843 957 890 quidem
1003 842 1084 880 viri
1127 841 1250 890 docti,
1294 842 1496 889 quoniam
1537 842 1741 891 perierint
1771 843 1845 883 illa

283 921 482 969 exempla
512 931 676 969 graeca,
710 920 832 958 nobis
863 919 952 957 iam
978 928 1062 957 non
1090 919 1280 956 statuere
1307 918 1433 957 licere
1461 920 1621 966 quanta
1646 917 1844 958 libertate

282 997 325 1035 in
365 997 569 1035 vertendo
611 1006 716 1034 usus
758 995 815 1034 sit
856 994 1093 1043 Terentius,
1127 994 1202 1032 sed
1234 994 1344 1032 inter
1374 994 1502 1043 locos,
1537 994 1609 1042 qui
1641 995 1685 1034 in
1716 1005 1842 1034 anno-

280 1073 514 1111 tationibus
561 1073 613 1110 ad
654 1072 870 1120 Hecyram
913 1081 967 1109 ex
1008 1069 1252 1118 Apollodori
1293 1070 1462 1118 Hecyra
1499 1070 1698 1120 citantur,
1731 1080 1844 1114 unus

281 1149 347 1186 est
393 1148 465 1195 qui
512 1147 679 1195 egregie
725 1157 818 1185 rem
860 1146 1058 1184 illustret.
1101 1145 1151 1183 In
1188 1145 1356 1192 Hecyra
1387 1145 1450 1183 III
1481 1156 1539 1184 sc.
1573 1147 1599 1184 4
1632 1146 1843 1190 Parmeno

280 1223 541 1272 ablegandus
588 1223 676 1261 est:
724 1232 794 1260 res
832 1221 947 1259 enim
994 1220 1292 1268 inexspectata
1343 1220 1508 1269 accidit,
1558 1221 1679 1259 cuius
1721 1199 1844 1261 illum

281 1301 439 1338 testem
482 1308 576 1337 esse
618 1298 748 1336 herus
791 1297 883 1336 eius
924 1296 1176 1345 Pamphilus
1218 1295 1400 1334 minime
1431 1296 1548 1334 velit.
1581 1296 1690 1344 Ergo
1721 1296 1844 1335 Pam-

280 1377 423 1425 philus
463 1375 622 1423 fingere
666 1375 854 1422 aliquam
895 1384 987 1412 rem
1030 1373 1155 1411 debet
1194 1373 1314 1411 cuius
1346 1382 1476 1411 causa
1507 1383 1606 1411 eum
1637 1373 1841 1412 dimittat.

279 1452 513 1490 Videamus
545 1460 658 1488 nunc
688 1459 840 1488 versus
876 1450 925 1487 17
950 1470 999 1475 —
1023 1449 1090 1487 27.

443 1526 562 1564 Pam.
598 1526 646 1563 In
688 1535 831 1563 arcem
872 1526 1119 1563 transcurso
1152 1533 1258 1571 opus
1293 1524 1371 1561 est.
1405 1523 1504 1562 Par.
1538 1522 1615 1562 Cui
1646 1523 1843 1562 homini?

1507 1598 1781 1644 [Pam..'1¹ibi.

443 1676 542 1715 Par.
600 1676 649 1714 In
682 1685 837 1724 arcem,
872 1674 971 1722 quid
1004 1675 1084 1712 eo?
1117 1673 1238 1712 Pam.
1273 1672 1596 1712 Callidemidem
1627 1673 1843 1722 hospitem

601 1751 857 1800 Myconium,
892 1750 964 1797 qui
995 1759 1168 1787 mecum
1199 1759 1285 1788 una
1318 1749 1554 1798 advectust,
1589 1748 1782 1788 conveni.

342 1830 408 1867 20.
444 1828 541 1866 Par.
600 1827 723 1875 Perii,
757 1826 929 1864 vovisse
962 1826 1075 1863 hunc
1107 1825 1260 1873 dicam,
1295 1825 1332 1862 si
1363 1824 1507 1863 salvos
1539 1825 1716 1863 domum

602 1902 801 1940 Redisset
831 1910 1034 1949 unquam,
1069 1901 1118 1938 ut
1148 1910 1219 1938 me
1251 1899 1508 1938 ambulando
1540 1900 1772 1948 rumperet.

445 1978 566 2017 Pam.
600 1977 706 2026 Quid
739 1977 915 2014 cessas?
947 1974 1046 2014 Par.
1081 1974 1187 2023 Quid
1218 1974 1285 2013 vis
1317 1975 1469 2024 dicam,
1503 1985 1558 2013 an
1589 1974 1842 2013 conveniam

1611 2049 1784 2096 [modo?

445 2129 565 2167 Pam.
604 2128 757 2176 Immo,
792 2127 902 2174 quod
934 2125 1139 2165 constitui
1170 2125 1294 2164 hodie
1327 2126 1638 2164 conventurum
1669 2136 1769 2164 eum

605 2204 698 2241 Non
729 2212 867 2251 posse,
902 2212 955 2240 ne
986 2211 1056 2239 me
1087 2201 1247 2239 frustra
1278 2200 1339 2238 illi
1371 2202 1618 2248 exspectet;
1651 2201 1761 2240 vola.

346 2281 413 2319 25.
448 2279 547 2319 Par.
606 2279 663 2317 At
694 2288 779 2316 non
810 2277 922 2316 novi·
942 2276 1131 2315 hominis
1163 2276 1330 2315 faciem.
1364 2275 1484 2314 Pam.
1517 2275 1575 2314 At
1605 2275 1763 2314 faciam

1563 2352 1627 2398 [ut
1655 2351 1838 2391 noveris.

606 2431 796 2480 Magnus,
831 2428 1102 2477 rubicundus,
1137 2427 1313 2475 crispus,
1348 2437 1531 2475 crassus,
1561 2426 1739 2476 caesiUS,

603 2506 871 2545 Cadaverosa
900 2505 1022 2543 facie.

286 2584 366 2622 Pro
413 2583 658 2630 crispus,
707 2581 818 2628 quod
844 2589 991 2618 ·versu
1039 2579 1093 2617 26
1139 2577 1307 2626 legitur,
1355 2577 1635 2625 Apollodorus
1666 2577 1840 2616 dederat

285 2657 499 2708 φαλακρός,
527 2657 589 2696 rei
621 2657 663 2694 et
693 2655 867 2694 veritati
893 2654 1205 2702 convenienter,
1234 2652 1436 2700 quoniam
1464 2652 1646 2700 Myconii
1671 2651 1839 2691 soleant

323 2868 346 2901 ¹)
365 2866 512 2902 Respicit
539 2865 601 2893 hoc
619 2864 779 2892 iudicium
800 2862 985 2891 Scholiasta
1006 2861 1047 2890 ad
1066 2861 1151 2889 Prol.
1171 2860 1382 2888 Phormionis
1399 2867 1449 2889 vs.
1468 2861 1486 2887 5
1505 2859 1686 2888 annotans:
1705 2865 1837 2895 „revera

287 2920 401 2947 autem
429 2918 491 2945 hoc
518 2916 659 2945 deterior
677 2915 855 2943 Menandro
875 2913 1047 2942 Terentius
1066 2913 1274 2941 iudicabatur
1293 2912 1378 2946 quod
1397 2912 1509 2940 minus
1529 2910 1664 2939 sublimi
1688 2910 1836 2939 oratione

287 2970 462 2999 uteretur.'’
