2002 3464
911 391 991 430 111

161 529 315 566 remus,
355 517 741 570 prudentissimam
789 516 1056 557 Scholiastae
1103 515 1157 554 ad
1196 515 1351 555 verba:
1395 515 1527 564 quin
1567 516 1626 555 tu
1666 516 1738 555 mi

163 598 462 647 argentum
518 595 650 648 cedo
707 595 1057 634 annotationem:
1119 593 1238 642 „Hoc
1295 593 1347 632 ab
1404 595 1586 642 utroque
1638 603 1738 632 cum

163 673 351 713 clamore
383 672 467 712 dici
498 671 795 720 accipiendum
827 671 937 710 est.'’

225 749 302 799 „In
332 748 401 788 ius
430 747 633 787 ambula'’
662 746 724 785 ait
749 746 974 795 Demipho,
1003 756 1133 794 quem
1160 746 1305 785 minae
1332 745 1606 785 Phormionis
1633 745 1739 784 adeo

162 835 249 865 non
288 825 454 865 terrent
487 824 538 862 ut
568 823 645 862 vix
678 822 777 871 quid
810 822 892 861 sibi
923 822 1060 862 velint
1091 823 1318 871 intelligat.
1352 823 1503 870 Itaque
1535 822 1738 882 Phormio

161 901 212 941 ut
241 900 375 941 simul
405 900 576 949 utrique
608 900 778 939 metum
810 898 1016 938 incutiat:

338 976 467 1016 Enim
497 985 600 1015 vero
632 975 670 1015 si
700 985 825 1024 porro
858 975 995 1014 odiosi
1027 985 1122 1014 esse
1154 976 1405 1026 pergitis..,

159 1053 327 1107 Iterum
372 1052 443 1092 hic
489 1051 650 1100 aliquid
697 1051 929 1100 adscripsit
976 1051 1219 1091 Scholiasta
1262 1052 1475 1091 eiusmodi
1516 1053 1566 1091 ut
1596 1051 1739 1100 gregis

161 1129 373 1179 magistro
390 1128 575 1168 similior
590 1128 790 1167 videatur
806 1138 938 1176 quam
956 1127 1084 1166 alicui
1102 1128 1153 1166 de
1170 1128 1300 1177 vulgo
1318 1129 1736 1167 commentatorum:

225 1198 385 1256 „Vultu
415 1204 654 1244 iuvandum
687 1205 754 1243 est
785 1205 829 1243 et
859 1203 1210 1253 pronuntiatione
1238 1204 1319 1243 hoc
1346 1204 1457 1253 quod
1483 1205 1577 1243 tam
1604 1204 1738 1242 mina-

161 1281 269 1322 citer
298 1280 619 1331 suspenditur.”
651 1280 705 1319 Et

254 1357 581 1408 „Enimvero
607 1356 866 1406 principium
894 1358 962 1396 est
983 1356 1144 1405 aliquid
1160 1367 1236 1406 per
1252 1356 1520 1396 iracundiam
1541 1356 1739 1395 dicturi.”

162 1434 245 1475 Sed
261 1434 329 1476 xde
359 1434 441 1474 hac
471 1435 595 1484 parte
628 1433 737 1473 satis
770 1433 859 1473 iam
891 1432 995 1472 dixi.

222 1667 358 1718 Saepe
384 1669 624 1717 queruntur
639 1667 839 1707 homines
857 1667 968 1716 quod
987 1667 1230 1706 Scholiasta
1247 1667 1532 1707 Terentianus
1549 1669 1741 1708 nondum

162 1742 226 1784 ita
249 1745 300 1784 ut
324 1745 521 1794 oporteat
547 1744 592 1783 in
618 1743 760 1783 lucem
789 1743 848 1782 sit
876 1743 1030 1782 editus.
1059 1743 1154 1782 Non
1181 1745 1250 1785 est
1275 1745 1424 1783 tamen
1451 1746 1545 1784 tam
1572 1744 1741 1783 difficile

163 1819 396 1860 editionem
445 1819 538 1859 eius
578 1829 730 1868 parare
773 1819 975 1858 omnibus
1017 1820 1211 1858 numeris
1254 1820 1512 1876 absolutam.
1559 1821 1603 1859 Si
1645 1821 1742 1869 quis

164 1895 320 1936 ceteris
345 1895 548 1936 omnibus
575 1895 754 1934 abiectis
771 1905 845 1934 eas
861 1896 1167 1935 tantummodo
1186 1896 1407 1945 colligeret
1424 1897 1739 1947 annotationeS,

163 1983 273 2022 quae
299 1972 441 2021 aliquo
467 1972 596 2011 modo
623 1972 677 2011 ad
703 1982 797 2010 rem
825 1971 1042 2011 scenicam
1070 1972 1349 2022 pertinerent,
1380 1983 1454 2012 eas
1477 1973 1569 2012 dico
1587 1973 1742 2022 quibus

163 2041 391 2088 Terentius
426 2048 489 2088 ita
519 2048 778 2097 explanatur
809 2050 859 2087 ut
889 2058 1096 2097 personas
1129 2049 1222 2088 eius
1254 2049 1480 2098 loquentes
1513 2050 1742 2089 audiamus

161 2126 397 2175 gestusque
424 2135 574 2164 earum
601 2124 879 2174 aspiciamus,
908 2124 1015 2163 nihil
1043 2125 1131 2164 iam
1149 2126 1338 2174 amplius
1356 2128 1473 2165 esset
1490 2128 1740 2175 optandum.

163 2201 306 2251 Atque
346 2201 472 2247 facile
513 2201 581 2240 est
622 2200 719 2239 illas
762 2201 1016 2240 emendatas
1060 2202 1270 2241 subiicere
1312 2202 1551 2251 legentium
1593 2204 1741 2243 oculis.

164 2278 372 2329 Quamvis
418 2278 536 2317 enim
582 2277 722 2316 multa
769 2277 814 2316 in
850 2277 904 2317 iis
946 2278 1035 2317 sint
1077 2280 1289 2328 corrupta,
1334 2281 1484 2319 tamen
1526 2281 1744 2319 sententia

163 2354 377 2404 perlucet;
419 2354 541 2394 illam
583 2354 700 2393 nullo
742 2354 887 2393 labore
929 2354 1236 2404 restituemus;
1281 2356 1376 2404 ipsa
1416 2356 1627 2395 vocabula
1658 2367 1743 2396 non

163 2430 504 2480 praestabimus;
548 2440 644 2470 raro
686 2431 767 2470 hoc
807 2431 948 2470 facere
990 2442 1224 2480 possumus
1266 2434 1395 2480 atque
1438 2434 1482 2472 in
1523 2433 1610 2472 illis
1651 2435 1741 2472 tan-

163 2507 390 2548 tummodo
431 2508 816 2558 emendationibus,
862 2519 970 2557 quae
1012 2519 1060 2548 se
1096 2509 1220 2548 nobis
1253 2509 1313 2548 nil
1346 2510 1648 2561 cogitantibus,
1683 2511 1743 2567 nil

164 2585 470 2634 quaerentibus
515 2585 658 2624 subito
700 2585 909 2634 offerunt;
954 2585 1061 2624 nihil
1102 2586 1173 2626 hic
1213 2586 1317 2626 facit
1359 2587 1573 2627 industria
1614 2589 1743 2636 atque

164 2661 387 2711 improbus
412 2660 544 2700 labor.
571 2660 632 2700 Ut
658 2671 758 2710 ergo
785 2672 936 2701 revera
962 2662 1134 2712 bonam,
1164 2663 1206 2701 id
1234 2664 1302 2702 est
1317 2664 1484 2714 utilem,
1503 2664 1743 2704 habeamus

165 2737 432 2778 Scholiastae
458 2737 691 2776 editionem
722 2747 809 2776 non
832 2739 1185 2798 ⁸exspectandum
1215 2741 1282 2779 est
1309 2740 1443 2779 donec
1471 2751 1622 2780 omnes
1650 2741 1752 2780 eius>

165 2813 333 2854 codices
360 2823 460 2852 cum
486 2813 725 2862 pulvisculo
753 2814 842 2853 sint
869 2815 1042 2853 excussi
1069 2815 1198 2863 atque
1225 2815 1354 2865 longa
1379 2816 1553 2855 illorum
1575 2817 1744 2866 depicta

164 2891 415 2940 stemmata,
460 2899 483 2929 e
526 2889 680 2938 quibus
716 2890 929 2938 quomodo
962 2901 987 2930 a
1019 2892 1242 2930 communi
1273 2892 1407 2941 stirpe
1439 2893 1522 2932 orti
1554 2893 1643 2932 sint
1674 2903 1742 2943 ap-

164 2968 337 3016 pareat:
385 2976 595 3016 magnum
642 2975 699 3005 ex
743 2967 826 3007 hoc
871 2968 1043 3017 negotio
1064 2962 1067 2966 '
1086 2969 1227 3018 capiet
1268 2969 1626 3021 emolumentum,
1671 2971 1743 3019 qui
