2002 3464
13 689 29 716 ’,ί

16 716 32 724 ‘r

15 748 36 760 'v-

11 858 35 874 'm

19 949 31 959 A

0 1206 24 1220 u,

0 1221 18 1240 f.

0 1242 17 1261 ι,

1 1302 5 1310 A

955 400 1040 438 233

210 524 420 565 Graecam
467 525 579 564 hanc
624 526 890 563 structuram
937 524 1180 562 diceremus
1228 522 1311 560 nisi
1355 523 1595 571 praestaret
1637 523 1786 561 laxam

209 601 586 650 negligentemque
628 601 780 639 dicere.
824 600 978 639 Hercle
1027 599 1064 637 si
1107 598 1258 637 Graeci
1300 598 1418 637 senis
1461 598 1624 637 Graeca
1655 598 1788 637 verba

209 675 362 716 Latine
402 676 608 715 vertisset
649 674 888 724 Terentius,
923 674 1085 714 acriore
1118 683 1220 713 cura
1252 673 1296 712 in
1329 683 1378 712 eo
1410 674 1554 713 labore
1585 675 1787 713 versatus

209 752 338 792 esset.
386 751 446 791 At
490 761 604 791 nunc
650 762 802 791 senem
847 751 1226 800 philosophantem
1273 750 1365 799 ipse
1411 750 1562 791 finxit:
1605 751 1655 790 ut
1686 761 1787 800 ergo

208 828 381 878 ingenio
421 838 500 868 suo
543 829 849 869 convenienter
879 829 1207 878 philosophetur
1239 828 1313 867 dat
1345 838 1535 877 operam,
1570 827 1646 867 sed
1678 837 1787 876 quae

208 905 302 945 eius
332 905 392 944 sit
422 905 663 945 enuntiatio
697 908 740 945 et
772 904 986 954 syntaxis,
1022 905 1064 943 id
1097 915 1199 944 vero
1232 905 1380 944 minus
1414 906 1549 944 curat.

267 990 332 1021 vs.
370 981 451 1020 121
486 991 578 1030 sqq.

447 1057 564 1106 Quae
596 1067 728 1105 quom
760 1058 870 1096 mihi
902 1058 1135 1096 lamentari
1166 1058 1338 1106 praeter
1371 1058 1538 1096 ceteras

445 1133 606 1184 Visast‚
642 1135 686 1173 et
718 1134 819 1183 quia
851 1135 944 1173 erat
975 1134 1117 1173 forma
1148 1134 1318 1182 praeter
1351 1134 1518 1173 ceteras

419 1259 422 1264 Ι
445 1210 643 1250 Honesta
674 1221 724 1250 ac
754 1211 934 1260 liberali,
969 1211 1125 1250 accedo
1158 1211 1211 1250 ad
1245 1211 1516 1259 pedisequas.

207 1284 315 1324 Vide
355 1295 487 1334 quam
518 1286 578 1325 sit
608 1296 712 1325 vera
742 1296 814 1325 ars
845 1287 1027 1325 naturae
1058 1286 1247 1325 imitatio
1281 1287 1324 1325 et
1356 1295 1488 1334 quam
1519 1285 1627 1324 bene
1659 1296 1789 1325 verus

119 1348 124 1354 .
180 1359 367 1400 artifex
411 1362 616 1401 naturam
658 1362 856 1420 imitetur
897 1362 1031 1401 etiam
1075 1371 1174 1400 cum
1216 1361 1444 1410 negligens
1477 1361 1544 1400 est
1591 1363 1662 1406 (an
1693 1362 1789 1401 tum

206 1436 278 1476 vel
322 1437 519 1477 maxime
566 1438 709 1478 dicam
720 1439 768 1484 ‘?).
817 1438 929 1478 Nam
976 1448 1115 1487 neque
1162 1438 1397 1487 repetitum
1444 1439 1675 1486 praeter
1716 1449 1788 1478 ce-

206 1512 364 1552 teras
404 1512 450 1552 in
490 1512 576 1552 fine
618 1513 803 1553 duorum
835 1524 1043 1553 versuum
1076 1513 1395 1564 continuorum,
1428 1524 1567 1562 neque
1599 1513 1704 1552 illud
1737 1515 1791 1554 et

206 1588 338 1637 quia
377 1590 501 1629 erat
534 1590 818 1639 praecedente
851 1600 1011 1638 quom
1045 1590 1245 1629 ...visa
1277 1591 1364 1629 est
1394 1591 1547 1640 poetae
1580 1592 1647 1630 est
1678 1591 1790 1630 solli-

207 1663 294 1703 cita
339 1674 443 1705 cura
488 1666 620 1705 verba
666 1650 710 1704 et
757 1665 1043 1704 sententiolas
1084 1665 1293 1715 limantis‚
1338 1666 1414 1705 sed
1456 1676 1588 1714 quam
1620 1667 1790 1716 egregie

206 1739 440 1789 utrumque
488 1741 611 1781 decet
657 1740 882 1780 indoctum
928 1750 1092 1790 senem,
1136 1751 1230 1780 rem
1273 1751 1382 1790 quae
1423 1743 1619 1781 mentem
1662 1753 1789 1782 suam

152 1874 154 1877 y
206 1817 340 1856 vexet
394 1817 548 1857 multis
599 1817 744 1857 verbis
790 1817 1000 1865 balboque
1047 1817 1136 1857 fere
1184 1828 1256 1857 ore
1304 1818 1459 1858 dilecto
1507 1818 1590 1857 sibi
1636 1819 1789 1858 liberto

209 1893 500 1932 enarrantem.

266 1978 332 2008 vs.
370 1969 453 2008 144
486 1978 578 2017 sqq.

474 2045 605 2085 Venit
636 2045 843 2085 Chremes
863 2034 1082 2094 'postridie
1115 2046 1168 2085 ad
1199 2057 1272 2086 me
1306 2047 1540 2086 clamitans

476 2122 709 2172 Indignum
739 2122 909 2162 facinus
941 2123 1228 2172 comperisse:
1262 2123 1542 2172 Pamphilum

475 2198 558 2238 Pro
589 2209 724 2238 uxore
757 2199 915 2238 habere
947 2199 1059 2239 hanc
1089 2199 1378 2248 peregrinam.

266 2275 452 2315 Multum
483 2275 695 2316 sudarunt
725 2276 1003 2326 grammatici
1034 2278 1084 2316 ut
1116 2276 1436 2326 investigarent
1469 2284 1579 2324 quae
1610 2277 1789 2316 tandem

207 2353 324 2391 esset
369 2351 526 2391 harum
572 2353 890 2392 sententiarum
931 2353 1157 2402 syntaxis;
1201 2354 1350 2392 utrum
1392 2352 1688 2402 indignum
1720 2353 1787 2393 fa-

206 2428 368 2468 cinus
401 2429 518 2467 esset
548 2428 669 2468 verbi
701 2429 1052 2478 comperisse
1086 2429 1318 2480 obiectum,
1355 2439 1411 2468 an
1442 2429 1504 2468 nil
1535 2429 1620 2468 nisi
1648 2429 1787 2468 excla-

205 2504 356 2543 matio.
401 2503 483 2543 Sed
523 2503 686 2544 frustra
726 2505 949 2555 sudarunt,
983 2506 1033 2544 ut
1065 2505 1227 2554 opinor.
1263 2505 1460 2554 Namque
1492 2506 1560 2544 est
1592 2505 1699 2544 haec
1733 2527 1786 2533 —

207 2579 320 2629 quod
350 2579 413 2618 1111
444 2589 531 2619 non
562 2581 793 2620 senserunt
821 2603 874 2609 --
899 2581 1068 2630 poetica
1101 2580 1318 2631 syntaxis,
1348 2581 1475 2629 idque
1501 2581 1594 2620 veri
1620 2582 1786 2631 poetae,

205 2655 288 2694 hoc
334 2655 402 2694 est
446 2659 658 2702 ποιοῦντος
705 2658 852 2707 μᾶλλον
893 2653 919 2708 ἢ
960 2654 1155 2708 λέγοντος,
1199 2657 1355 2705 quique
1397 2656 1515 2696 vitae
1548 2637 1787 2706 imaginem

207 2728 344 2780 fingat
373 2730 517 2780 magis
549 2741 681 2780 quam
712 2732 997 2772 sententiolas
1029 2733 1183 2772 struat.

270 2806 366 2846 156.
458 2806 520 2846 Ea
550 2807 742 2856 primum
773 2808 826 2848 ab
858 2807 932 2847 illo
965 2807 1354 2847 animadvortenda
1384 2807 1597 2847 iniuriast.

207 2881 479 2922 Sententiam
520 2883 752 2923 verborum
793 2884 906 2924 hanc
937 2893 1057 2923 esse:
1096 2894 1174 2933 „ea
1204 2884 1396 2932 primum
1427 2883 1688 2923 vindicanda
1703 2870 1788 2923 'est

206 2957 364 2998 iniuria
405 2958 458 2998 ab
501 2957 574 2998 illo
615 2958 758 2999 facta’'
793 2961 976 3010 constat,
1012 2960 1055 2999 et
1092 2959 1155 2999 sic
1186 2959 1275 2999 fere
1308 2959 1452 2998 locum
1485 2959 1685 2999 nostrum
1717 2969 1786 2998 ex-
