2002 3464
934 394 986 432 81

354 540 407 546 —
436 519 516 559 Isti
547 521 590 559 te
622 519 899 568 ignorabant:
933 521 1164 568 postquam
1192 519 1254 558 eis
1281 529 1425 557 mores
1452 517 1621 557 ostendi
1646 518 1745 556 tuos

351 597 405 636 Et
435 596 675 636 collaudavi
705 597 944 635 secundum
976 597 1091 635 facta
1123 597 1166 635 et
1195 596 1381 635 virtutes
1412 596 1512 634 tuas

352 671 601 721 Impetravi.

232 747 344 787 Tum
374 747 503 787 miles
535 748 663 793 (1091
698 750 800 796 sq.):

650 824 766 863 Bene
797 823 962 863 fecisti:
996 824 1184 872 gratiam
1215 824 1352 864 habeo
1384 823 1642 863 maximam.

349 899 599 949 Numquam
641 896 776 939 etiam
816 899 878 938 fui
909 910 1096 948 usquam
1127 901 1231 948 quin
1262 911 1333 939 me
1367 901 1566 939 amarent
1597 909 1749 938 omnes

740 960 747 968 ⁸
1423 976 1687 1026 [plurimum.

232 1051 446 1102 Quoniam
477 1053 626 1092 autem
659 1052 829 1092 Gnatho
861 1062 977 1091 nuno
1007 1052 1161 1091 statim
1193 1053 1339 1100 rogat:

352 1128 484 1168 Dixin
515 1139 594 1178 ego
626 1129 670 1167 in
701 1128 783 1168 hoc
814 1138 911 1168 esse
942 1127 1066 1167 vobis
1098 1128 1292 1167 Atticam
1325 1127 1620 1177 elegantiam?

171 1204 217 1245 in
262 1204 332 1244 his
372 1215 541 1254 quoque
581 1204 736 1244 militis
777 1204 933 1254 verbis,
979 1205 1022 1243 et
1064 1205 1167 1243 sunt
1208 1205 1282 1243 illa
1318 1204 1475 1243 ultima
1506 1215 1615 1253 quae
1648 1214 1749 1243 eum

172 1280 389 1327 dicentem
435 1280 648 1330 audimus,
698 1280 834 1329 inepti
880 1279 1041 1328 aliquid
1089 1290 1184 1318 esse
1232 1280 1369 1319 debet.
1418 1280 1598 1329 Egregie
1644 1280 1749 1320 illud

173 1348 339 1397 detexit
365 1357 620 1407 Scholiasta,
650 1357 723 1405 qui
750 1357 974 1396 observat:
1003 1358 1227 1405 stuporem
1254 1357 1408 1396 miIItis
1435 1357 1480 1395 in
1507 1368 1556 1396 eo
1583 1357 1750 1396 versari

173 1425 285 1482 quod
310 1434 392 1474 hoc
419 1434 723 1482 (Nunquam
742 1455 795 1461 —
812 1433 1133 1482 plurimum)
1163 1433 1428 1472 contrarium
1456 1435 1523 1472 est
1539 1433 1750 1483 superiori

170 1509 568 1567 (Benefecistiz
616 1508 863 1558 gratiam
905 1509 1081 1548 habeo
1124 1509 1457 1556 maximam).
1505 1510 1640 1559 „Quid
1682 1510 1750 1548 est

173 1585 320 1635 em‘m”
353 1585 415 1626 ait
450 1586 589 1636 „quod
619 1585 727 1625 bene
759 1596 846 1624 non
867 1581 893 1631 ¹)
921 1585 1072 1624 fecerit
1099 1585 1342 1635 quicquam,
1372 1586 1410 1624 si
1437 1585 1481 1624 in
1507 1586 1580 1625 illo
1608 1586 1676 1625 est
1701 1586 1750 1624 ut

172 1660 404 1702 ametur?”

236 1738 332 1789 „Nil
377 1739 548 1788 praeter
592 1738 859 1787 promissum
906 1738 1000 1777 est’'
1044 1738 1200 1788 ridens,
1245 1739 1294 1777 ut
1336 1738 1497 1788 opinor,
1532 1738 1750 1777 Gnathoni

173 1814 404 1864 respondet
434 1813 637 1853 Chaerea.
1137 1857 1142 1863 ,

233 1889 376 1938 Atque
421 1889 537 1929 hune
576 1889 941 1928 venustissimum
983 1890 1113 1929 habet
1155 1885 1324 1929 exitum
1365 1890 1511 1929 fabula
1553 1891 1748 1929 omnium

173 1965 499 2006 venustissima.

211 2137 234 2172 ¹)
253 2135 326 2166 Hoc
341 2142 421 2165 non
439 2134 615 2165 delendum
634 2142 761 2165 censeo,
