<?xml version="1.0" encoding="UTF-8"?>
<!DOCTYPE html PUBLIC "-//W3C//DTD XHTML 1.0 Transitional//EN"
    "http://www.w3.org/TR/xhtml1/DTD/xhtml1-transitional.dtd">
<html xmlns="http://www.w3.org/1999/xhtml" xml:lang="en" lang="en">
 <head>
  <title>
</title>
<meta http-equiv="Content-Type" content="text/html;charset=utf-8" />
  <meta name='ocr-system' content='tesseract 3.04.00' />
  <meta name='ocr-capabilities' content='ocr_page ocr_carea ocr_par ocr_line ocrx_word'/>
</head>
<body>
  <div class='ocr_page' id='page_1' title='image "./deterentioetdona00hartuoft_0110.png"; bbox 0 0 2002 3464; ppageno 0'>
   <div class='ocr_carea' id='block_1_1' title="bbox 1008 419 1062 459">
    <p class='ocr_par' dir='ltr' id='par_1_1' title="bbox 1008 419 1062 459">
     <span class='ocr_line' id='line_1_1' title="bbox 1008 419 1062 459; baseline 0 0"><span class='ocrx_word' id='word_1_1' title='bbox 1008 419 1062 459; x_wconf 88' lang='grc'>98</span> 
     </span>
    </p>
   </div>
   <div class='ocr_carea' id='block_1_2' title="bbox 249 546 1814 2790">
    <p class='ocr_par' dir='ltr' id='par_1_2' title="bbox 253 546 1812 746">
     <span class='ocr_line' id='line_1_2' title="bbox 253 546 1812 598; baseline 0.002 -12"><span class='ocrx_word' id='word_1_2' title='bbox 253 547 409 597; x_wconf 89' lang='lat' dir='ltr'>culum,</span> <span class='ocrx_word' id='word_1_3' title='bbox 452 546 666 595; x_wconf 85' lang='lat' dir='ltr'>simulque</span> <span class='ocrx_word' id='word_1_4' title='bbox 708 547 823 585; x_wconf 90' lang='lat' dir='ltr'>vitae</span> <span class='ocrx_word' id='word_1_5' title='bbox 857 547 1230 586; x_wconf 86' lang='lat' dir='ltr'>accommodatum</span> <span class='ocrx_word' id='word_1_6' title='bbox 1262 548 1415 597; x_wconf 87' lang='lat' dir='ltr'>magis,</span> <span class='ocrx_word' id='word_1_7' title='bbox 1450 557 1581 596; x_wconf 89' lang='lat' dir='ltr'>quam</span> <span class='ocrx_word' id='word_1_8' title='bbox 1609 559 1708 588; x_wconf 88' lang='lat' dir='ltr'>eum</span> <span class='ocrx_word' id='word_1_9' title='bbox 1740 548 1812 598; x_wconf 86' lang='lat' dir='ltr'>qui</span> 
     </span>
     <span class='ocr_line' id='line_1_3' title="bbox 253 622 1812 673; baseline 0.001 -11"><span class='ocrx_word' id='word_1_10' title='bbox 253 624 324 662; x_wconf 91' lang='lat' dir='ltr'>diu</span> <span class='ocrx_word' id='word_1_11' title='bbox 365 624 409 661; x_wconf 91' lang='lat' dir='ltr'>in</span> <span class='ocrx_word' id='word_1_12' title='bbox 452 623 636 661; x_wconf 88' lang='lat' dir='ltr'>alterum</span> <span class='ocrx_word' id='word_1_13' title='bbox 679 622 954 661; x_wconf 87' lang='lat' dir='ltr'>contumeliis</span> <span class='ocrx_word' id='word_1_14' title='bbox 995 622 1053 661; x_wconf 88' lang='lat' dir='ltr'>sit</span> <span class='ocrx_word' id='word_1_15' title='bbox 1095 622 1302 673; x_wconf 84' lang='lat' dir='ltr'>invectus,</span> <span class='ocrx_word' id='word_1_16' title='bbox 1346 624 1523 662; x_wconf 90' lang='lat' dir='ltr'>tandem</span> <span class='ocrx_word' id='word_1_17' title='bbox 1565 624 1633 662; x_wconf 89' lang='lat' dir='ltr'>his</span> <span class='ocrx_word' id='word_1_18' title='bbox 1669 625 1812 663; x_wconf 88' lang='lat' dir='ltr'>verbis</span> 
     </span>
     <span class='ocr_line' id='line_1_4' title="bbox 253 694 1237 746; baseline -0.001 -9"><span class='ocrx_word' id='word_1_19' title='bbox 253 699 435 737; x_wconf 88' lang='lat' dir='ltr'>eundem</span> <span class='ocrx_word' id='word_1_20' title='bbox 468 698 649 745; x_wconf 81' lang='lat' dir='ltr'>alloqui:</span> <span class='ocrx_word' id='word_1_21' title='bbox 688 698 898 746; x_wconf 87' lang='lat' dir='ltr'>„nuncine</span> <span class='ocrx_word' id='word_1_22' title='bbox 930 698 1128 738; x_wconf 86' lang='lat' dir='ltr'>irasceris</span> <span class='ocrx_word' id='word_1_23' title='bbox 1141 699 1188 736; x_wconf 89' lang='lat'>‘?”</span> <span class='ocrx_word' id='word_1_24' title='bbox 1211 694 1237 744; x_wconf 89' lang='lat'>¹)</span> 
     </span>
    </p>

    <p class='ocr_par' dir='ltr' id='par_1_3' title="bbox 249 774 1814 1504">
     <span class='ocr_line' id='line_1_5' title="bbox 311 774 1814 823; baseline 0.001 -9"><span class='ocrx_word' id='word_1_25' title='bbox 311 776 444 814; x_wconf 92' lang='lat' dir='ltr'>Hem</span> <span class='ocrx_word' id='word_1_26' title='bbox 486 785 612 813; x_wconf 89' lang='lat' dir='ltr'>nemo</span> <span class='ocrx_word' id='word_1_27' title='bbox 646 775 874 823; x_wconf 72' lang='lat' dir='ltr'>exclamat,</span> <span class='ocrx_word' id='word_1_28' title='bbox 910 774 995 812; x_wconf 90' lang='lat' dir='ltr'>nisi</span> <span class='ocrx_word' id='word_1_29' title='bbox 1026 774 1098 822; x_wconf 88' lang='lat' dir='ltr'>qui</span> <span class='ocrx_word' id='word_1_30' title='bbox 1115 775 1257 814; x_wconf 90' lang='lat' dir='ltr'>animo</span> <span class='ocrx_word' id='word_1_31' title='bbox 1274 775 1554 814; x_wconf 87' lang='lat' dir='ltr'>vehementer</span> <span class='ocrx_word' id='word_1_32' title='bbox 1571 776 1814 815; x_wconf 88' lang='lat' dir='ltr'>commotus</span> 
     </span>
     <span class='ocr_line' id='line_1_6' title="bbox 251 850 1814 900; baseline 0.001 -11"><span class='ocrx_word' id='word_1_33' title='bbox 251 851 610 899; x_wconf 72' lang='lat' dir='ltr'>perturbatusque</span> <span class='ocrx_word' id='word_1_34' title='bbox 652 851 730 900; x_wconf 84' lang='lat' dir='ltr'>est,</span> <span class='ocrx_word' id='word_1_35' title='bbox 776 852 904 898; x_wconf 88' lang='lat' dir='ltr'>atque</span> <span class='ocrx_word' id='word_1_36' title='bbox 946 850 1165 899; x_wconf 87' lang='lat' dir='ltr'>inopinata</span> <span class='ocrx_word' id='word_1_37' title='bbox 1206 861 1251 889; x_wconf 87' lang='lat' dir='ltr'>re</span> <span class='ocrx_word' id='word_1_38' title='bbox 1282 851 1406 899; x_wconf 89' lang='lat' dir='ltr'>plane</span> <span class='ocrx_word' id='word_1_39' title='bbox 1438 851 1671 899; x_wconf 86' lang='lat' dir='ltr'>perculsus.</span> <span class='ocrx_word' id='word_1_40' title='bbox 1704 851 1814 900; x_wconf 86' lang='lat' dir='ltr'>Ergo</span> 
     </span>
     <span class='ocr_line' id='line_1_7' title="bbox 250 925 1814 975; baseline -0.001 -10"><span class='ocrx_word' id='word_1_41' title='bbox 250 927 320 965; x_wconf 85' lang='lat' dir='ltr'>vel</span> <span class='ocrx_word' id='word_1_42' title='bbox 361 928 505 965; x_wconf 89' lang='lat' dir='ltr'>metus</span> <span class='ocrx_word' id='word_1_43' title='bbox 546 926 615 964; x_wconf 88' lang='lat' dir='ltr'>vel</span> <span class='ocrx_word' id='word_1_44' title='bbox 657 926 720 964; x_wconf 87' lang='lat' dir='ltr'>ira</span> <span class='ocrx_word' id='word_1_45' title='bbox 762 926 830 964; x_wconf 90' lang='lat' dir='ltr'>vel</span> <span class='ocrx_word' id='word_1_46' title='bbox 874 925 1109 974; x_wconf 72' lang='lat' dir='ltr'>indignatio</span> <span class='ocrx_word' id='word_1_47' title='bbox 1141 925 1227 964; x_wconf 88' lang='lat' dir='ltr'>ista</span> <span class='ocrx_word' id='word_1_48' title='bbox 1258 925 1551 965; x_wconf 89' lang='lat' dir='ltr'>interiectione</span> <span class='ocrx_word' id='word_1_49' title='bbox 1583 925 1814 975; x_wconf 88' lang='lat' dir='ltr'>significari</span> 
     </span>
     <span class='ocr_line' id='line_1_8' title="bbox 250 1001 1812 1051; baseline 0 -11"><span class='ocrx_word' id='word_1_50' title='bbox 250 1003 404 1051; x_wconf 89' lang='lat' dir='ltr'>potest,</span> <span class='ocrx_word' id='word_1_51' title='bbox 449 1002 679 1040; x_wconf 88' lang='lat' dir='ltr'>dummodo</span> <span class='ocrx_word' id='word_1_52' title='bbox 721 1002 1090 1040; x_wconf 89' lang='lat' dir='ltr'>vehementes</span> <span class='ocrx_word' id='word_1_53' title='bbox 1132 1001 1194 1039; x_wconf 88' lang='lat' dir='ltr'>illi</span> <span class='ocrx_word' id='word_1_54' title='bbox 1231 1002 1318 1040; x_wconf 86' lang='lat' dir='ltr'>sint</span> <span class='ocrx_word' id='word_1_55' title='bbox 1346 1001 1530 1041; x_wconf 79' lang='lat' dir='ltr'>affectus</span> <span class='ocrx_word' id='word_1_56' title='bbox 1554 1003 1596 1041; x_wconf 91' lang='lat' dir='ltr'>et</span> <span class='ocrx_word' id='word_1_57' title='bbox 1623 1002 1812 1041; x_wconf 91' lang='lat' dir='ltr'>subito</span> 
     </span>
     <span class='ocr_line' id='line_1_9' title="bbox 250 1060 1813 1127; baseline 0 -11"><span class='ocrx_word' id='word_1_58' title='bbox 250 1078 353 1116; x_wconf 90' lang='lat' dir='ltr'>nati.</span> <span class='ocrx_word' id='word_1_59' title='bbox 403 1077 509 1126; x_wconf 76' lang='lat' dir='ltr'>Quid</span> <span class='ocrx_word' id='word_1_60' title='bbox 556 1078 667 1125; x_wconf 92' lang='lat' dir='ltr'>quod</span> <span class='ocrx_word' id='word_1_61' title='bbox 713 1077 916 1125; x_wconf 89' lang='lat' dir='ltr'>gaudio</span> <span class='ocrx_word' id='word_1_62' title='bbox 965 1087 1131 1124; x_wconf 89' lang='lat' dir='ltr'>quoque</span> <span class='ocrx_word' id='word_1_63' title='bbox 1174 1060 1450 1125; x_wconf 84' lang='lat' dir='ltr'>exprimendo</span> <span class='ocrx_word' id='word_1_64' title='bbox 1494 1079 1594 1125; x_wconf 88' lang='lat' dir='ltr'>apta</span> <span class='ocrx_word' id='word_1_65' title='bbox 1626 1079 1704 1127; x_wconf 87' lang='lat' dir='ltr'>est,</span> <span class='ocrx_word' id='word_1_66' title='bbox 1738 1077 1813 1116; x_wconf 87' lang='lat' dir='ltr'>sed</span> 
     </span>
     <span class='ocr_line' id='line_1_10' title="bbox 251 1152 1814 1206; baseline 0.001 -16"><span class='ocrx_word' id='word_1_67' title='bbox 251 1163 408 1201; x_wconf 89' lang='lat' dir='ltr'>magno</span> <span class='ocrx_word' id='word_1_68' title='bbox 450 1154 493 1191; x_wconf 94' lang='lat' dir='ltr'>et</span> <span class='ocrx_word' id='word_1_69' title='bbox 525 1153 645 1191; x_wconf 87' lang='lat' dir='ltr'>cuius</span> <span class='ocrx_word' id='word_1_70' title='bbox 679 1163 810 1191; x_wconf 90' lang='lat' dir='ltr'>causa</span> <span class='ocrx_word' id='word_1_71' title='bbox 841 1153 899 1191; x_wconf 90' lang='lat' dir='ltr'>sit</span> <span class='ocrx_word' id='word_1_72' title='bbox 930 1153 1216 1206; x_wconf 87' lang='lat' dir='ltr'>inexpectata.</span> <span class='ocrx_word' id='word_1_73' title='bbox 1251 1152 1349 1191; x_wconf 85' lang='lat' dir='ltr'>Tria</span> <span class='ocrx_word' id='word_1_74' title='bbox 1380 1153 1486 1192; x_wconf 89' lang='lat' dir='ltr'>dabo</span> <span class='ocrx_word' id='word_1_75' title='bbox 1519 1154 1729 1202; x_wconf 88' lang='lat' dir='ltr'>exempla.</span> <span class='ocrx_word' id='word_1_76' title='bbox 1763 1154 1814 1191; x_wconf 89' lang='lat' dir='ltr'>In</span> 
     </span>
     <span class='ocr_line' id='line_1_11' title="bbox 251 1211 1812 1278; baseline 0.001 -12"><span class='ocrx_word' id='word_1_77' title='bbox 251 1238 426 1267; x_wconf 80' lang='lat' dir='ltr'>scenam</span> <span class='ocrx_word' id='word_1_78' title='bbox 472 1229 612 1276; x_wconf 89' lang='lat' dir='ltr'>prodit</span> <span class='ocrx_word' id='word_1_79' title='bbox 659 1227 882 1276; x_wconf 85' lang='lat' dir='ltr'>Ctesipho;</span> <span class='ocrx_word' id='word_1_80' title='bbox 931 1211 1117 1266; x_wconf 87' lang='lat' dir='ltr'>summis</span> <span class='ocrx_word' id='word_1_81' title='bbox 1163 1228 1359 1266; x_wconf 80' lang='lat' dir='ltr'>laudibus</span> <span class='ocrx_word' id='word_1_82' title='bbox 1406 1228 1597 1278; x_wconf 84' lang='lat' dir='ltr'>fratrem,</span> <span class='ocrx_word' id='word_1_83' title='bbox 1648 1239 1673 1267; x_wconf 91' lang='lat' dir='ltr'>a</span> <span class='ocrx_word' id='word_1_84' title='bbox 1729 1238 1812 1276; x_wconf 87' lang='lat' dir='ltr'>quo</span> 
     </span>
     <span class='ocr_line' id='line_1_12' title="bbox 250 1302 1813 1352; baseline -0.001 -10"><span class='ocrx_word' id='word_1_85' title='bbox 250 1304 401 1352; x_wconf 90' lang='lat' dir='ltr'>ingens</span> <span class='ocrx_word' id='word_1_86' title='bbox 434 1304 645 1352; x_wconf 88' lang='lat' dir='ltr'>acceperit</span> <span class='ocrx_word' id='word_1_87' title='bbox 675 1302 942 1352; x_wconf 86' lang='lat' dir='ltr'>beneficium,</span> <span class='ocrx_word' id='word_1_88' title='bbox 977 1303 1021 1341; x_wconf 90' lang='lat' dir='ltr'>in</span> <span class='ocrx_word' id='word_1_89' title='bbox 1053 1303 1220 1342; x_wconf 88' lang='lat' dir='ltr'>coelum</span> <span class='ocrx_word' id='word_1_90' title='bbox 1253 1303 1387 1342; x_wconf 87' lang='lat' dir='ltr'>effert.</span> <span class='ocrx_word' id='word_1_91' title='bbox 1416 1302 1499 1341; x_wconf 87' lang='lat' dir='ltr'>Ubi</span> <span class='ocrx_word' id='word_1_92' title='bbox 1525 1314 1626 1342; x_wconf 90' lang='lat' dir='ltr'>vero</span> <span class='ocrx_word' id='word_1_93' title='bbox 1654 1313 1679 1342; x_wconf 89' lang='lat' dir='ltr'>a</span> <span class='ocrx_word' id='word_1_94' title='bbox 1707 1303 1813 1351; x_wconf 84' lang='lat' dir='ltr'>Syro</span> 
     </span>
     <span class='ocr_line' id='line_1_13' title="bbox 251 1379 1812 1429; baseline -0.001 -11"><span class='ocrx_word' id='word_1_95' title='bbox 251 1380 375 1418; x_wconf 82' lang='lat' dir='ltr'>servo</span> <span class='ocrx_word' id='word_1_96' title='bbox 418 1380 582 1418; x_wconf 87' lang='lat' dir='ltr'>audivit</span> <span class='ocrx_word' id='word_1_97' title='bbox 622 1390 751 1428; x_wconf 85' lang='lat' dir='ltr'>prope</span> <span class='ocrx_word' id='word_1_98' title='bbox 794 1380 943 1418; x_wconf 87' lang='lat' dir='ltr'>adesse</span> <span class='ocrx_word' id='word_1_99' title='bbox 980 1379 1103 1417; x_wconf 88' lang='lat' dir='ltr'>illum</span> <span class='ocrx_word' id='word_1_100' title='bbox 1135 1379 1333 1426; x_wconf 88' lang='lat' dir='ltr'>domique</span> <span class='ocrx_word' id='word_1_101' title='bbox 1366 1389 1412 1417; x_wconf 91' lang='lat' dir='ltr'>se</span> <span class='ocrx_word' id='word_1_102' title='bbox 1445 1380 1683 1429; x_wconf 84' lang='lat' dir='ltr'>expectare,</span> <span class='ocrx_word' id='word_1_103' title='bbox 1719 1389 1812 1418; x_wconf 91' lang='lat' dir='ltr'>con—</span> 
     </span>
     <span class='ocr_line' id='line_1_14' title="bbox 249 1454 1603 1504; baseline -0.001 -11"><span class='ocrx_word' id='word_1_104' title='bbox 249 1455 386 1493; x_wconf 89' lang='lat' dir='ltr'>tinere</span> <span class='ocrx_word' id='word_1_105' title='bbox 421 1465 467 1493; x_wconf 91' lang='lat' dir='ltr'>se</span> <span class='ocrx_word' id='word_1_106' title='bbox 499 1465 585 1493; x_wconf 91' lang='lat' dir='ltr'>non</span> <span class='ocrx_word' id='word_1_107' title='bbox 616 1456 759 1503; x_wconf 88' lang='lat' dir='ltr'>potest</span> <span class='ocrx_word' id='word_1_108' title='bbox 790 1455 891 1503; x_wconf 90' lang='lat' dir='ltr'>quin</span> <span class='ocrx_word' id='word_1_109' title='bbox 927 1455 1081 1504; x_wconf 85' lang='lat' dir='ltr'>„hem”</span> <span class='ocrx_word' id='word_1_110' title='bbox 1117 1454 1331 1493; x_wconf 77' lang='lat' dir='ltr'>exclamet</span> <span class='ocrx_word' id='word_1_111' title='bbox 1364 1454 1454 1499; x_wconf 86' lang='lat' dir='ltr'>(Ad.</span> <span class='ocrx_word' id='word_1_112' title='bbox 1491 1455 1603 1500; x_wconf 81' lang='lat'>260).</span> 
     </span>
    </p>

    <p class='ocr_par' dir='ltr' id='par_1_4' title="bbox 250 1529 1814 2107">
     <span class='ocr_line' id='line_1_15' title="bbox 310 1529 1812 1579; baseline 0.001 -10"><span class='ocrx_word' id='word_1_113' title='bbox 310 1531 441 1569; x_wconf 86' lang='lat' dir='ltr'>Andr.</span> <span class='ocrx_word' id='word_1_114' title='bbox 489 1541 554 1569; x_wconf 86' lang='lat' dir='ltr'>vs.</span> <span class='ocrx_word' id='word_1_115' title='bbox 605 1531 702 1569; x_wconf 85' lang='lat'>351.</span> <span class='ocrx_word' id='word_1_116' title='bbox 753 1529 961 1579; x_wconf 82' lang='lat' dir='ltr'>Cognovit</span> <span class='ocrx_word' id='word_1_117' title='bbox 1007 1530 1257 1578; x_wconf 87' lang='lat' dir='ltr'>Pamphilus</span> <span class='ocrx_word' id='word_1_118' title='bbox 1300 1540 1325 1568; x_wconf 90' lang='lat' dir='ltr'>a</span> <span class='ocrx_word' id='word_1_119' title='bbox 1366 1531 1487 1578; x_wconf 90' lang='lat' dir='ltr'>patre</span> <span class='ocrx_word' id='word_1_120' title='bbox 1519 1530 1600 1568; x_wconf 89' lang='lat' dir='ltr'>sibi</span> <span class='ocrx_word' id='word_1_121' title='bbox 1631 1540 1812 1570; x_wconf 89' lang='lat' dir='ltr'>uxorem</span> 
     </span>
     <span class='ocr_line' id='line_1_16' title="bbox 251 1605 1813 1654; baseline 0 -10"><span class='ocrx_word' id='word_1_122' title='bbox 251 1606 512 1644; x_wconf 88' lang='lat' dir='ltr'>destinatam</span> <span class='ocrx_word' id='word_1_123' title='bbox 554 1616 683 1653; x_wconf 89' lang='lat' dir='ltr'>quam</span> <span class='ocrx_word' id='word_1_124' title='bbox 721 1606 812 1654; x_wconf 88' lang='lat' dir='ltr'>ipse</span> <span class='ocrx_word' id='word_1_125' title='bbox 843 1605 1023 1643; x_wconf 90' lang='lat' dir='ltr'>minime</span> <span class='ocrx_word' id='word_1_126' title='bbox 1055 1605 1172 1643; x_wconf 85' lang='lat' dir='ltr'>velit.</span> <span class='ocrx_word' id='word_1_127' title='bbox 1206 1605 1274 1643; x_wconf 90' lang='lat' dir='ltr'>Ad</span> <span class='ocrx_word' id='word_1_128' title='bbox 1306 1605 1476 1643; x_wconf 88' lang='lat' dir='ltr'>Davum</span> <span class='ocrx_word' id='word_1_129' title='bbox 1508 1616 1606 1654; x_wconf 91' lang='lat' dir='ltr'>ergo</span> <span class='ocrx_word' id='word_1_130' title='bbox 1638 1615 1813 1644; x_wconf 88' lang='lat' dir='ltr'>servum</span> 
     </span>
     <span class='ocr_line' id='line_1_17' title="bbox 251 1680 1813 1728; baseline 0 -9"><span class='ocrx_word' id='word_1_131' title='bbox 251 1681 460 1720; x_wconf 89' lang='lat' dir='ltr'>sollicitus</span> <span class='ocrx_word' id='word_1_132' title='bbox 507 1681 651 1719; x_wconf 91' lang='lat' dir='ltr'>animo</span> <span class='ocrx_word' id='word_1_133' title='bbox 694 1681 883 1728; x_wconf 81' lang='lat' dir='ltr'>confugit</span> <span class='ocrx_word' id='word_1_134' title='bbox 925 1680 1203 1727; x_wconf 89' lang='lat' dir='ltr'>obsecratque</span> <span class='ocrx_word' id='word_1_135' title='bbox 1248 1680 1470 1718; x_wconf 90' lang='lat' dir='ltr'>hominem</span> <span class='ocrx_word' id='word_1_136' title='bbox 1515 1682 1564 1718; x_wconf 92' lang='lat' dir='ltr'>ut</span> <span class='ocrx_word' id='word_1_137' title='bbox 1606 1690 1652 1719; x_wconf 91' lang='lat' dir='ltr'>se</span> <span class='ocrx_word' id='word_1_138' title='bbox 1692 1681 1813 1719; x_wconf 88' lang='lat' dir='ltr'>metu</span> 
     </span>
     <span class='ocr_line' id='line_1_18' title="bbox 251 1739 1812 1804; baseline -0.001 -10"><span class='ocrx_word' id='word_1_139' title='bbox 251 1756 322 1794; x_wconf 93' lang='lat' dir='ltr'>illo</span> <span class='ocrx_word' id='word_1_140' title='bbox 360 1756 523 1794; x_wconf 87' lang='lat' dir='ltr'>liberet.</span> <span class='ocrx_word' id='word_1_141' title='bbox 557 1757 615 1794; x_wconf 91' lang='lat' dir='ltr'>At</span> <span class='ocrx_word' id='word_1_142' title='bbox 647 1755 740 1794; x_wconf 89' lang='lat' dir='ltr'>ille:</span> <span class='ocrx_word' id='word_1_143' title='bbox 778 1756 928 1804; x_wconf 87' lang='lat' dir='ltr'>„Hem,</span> <span class='ocrx_word' id='word_1_144' title='bbox 963 1739 1123 1793; x_wconf 88' lang='lat' dir='ltr'>libero’&#39;</span> <span class='ocrx_word' id='word_1_145' title='bbox 1159 1755 1388 1793; x_wconf 79' lang='lat' dir='ltr'>exclamat.</span> <span class='ocrx_word' id='word_1_146' title='bbox 1424 1755 1595 1793; x_wconf 81' lang='lat' dir='ltr'>Etenim</span> <span class='ocrx_word' id='word_1_147' title='bbox 1626 1754 1812 1802; x_wconf 87' lang='lat' dir='ltr'>aliquan-</span> 
     </span>
     <span class='ocr_line' id='line_1_19' title="bbox 250 1830 1814 1879; baseline -0.001 -10"><span class='ocrx_word' id='word_1_148' title='bbox 250 1832 383 1879; x_wconf 89' lang='lat' dir='ltr'>tisper</span> <span class='ocrx_word' id='word_1_149' title='bbox 415 1841 563 1870; x_wconf 91' lang='lat' dir='ltr'>secum</span> <span class='ocrx_word' id='word_1_150' title='bbox 595 1831 857 1879; x_wconf 85' lang='lat' dir='ltr'>deliberavit,</span> <span class='ocrx_word' id='word_1_151' title='bbox 892 1841 997 1869; x_wconf 93' lang='lat' dir='ltr'>mox</span> <span class='ocrx_word' id='word_1_152' title='bbox 1026 1830 1064 1868; x_wconf 90' lang='lat' dir='ltr'>ei</span> <span class='ocrx_word' id='word_1_153' title='bbox 1096 1840 1165 1868; x_wconf 88' lang='lat' dir='ltr'>res</span> <span class='ocrx_word' id='word_1_154' title='bbox 1194 1840 1219 1868; x_wconf 91' lang='lat' dir='ltr'>a</span> <span class='ocrx_word' id='word_1_155' title='bbox 1245 1840 1291 1868; x_wconf 90' lang='lat' dir='ltr'>se</span> <span class='ocrx_word' id='word_1_156' title='bbox 1319 1831 1546 1878; x_wconf 87' lang='lat' dir='ltr'>conspecta</span> <span class='ocrx_word' id='word_1_157' title='bbox 1561 1830 1606 1868; x_wconf 92' lang='lat' dir='ltr'>in</span> <span class='ocrx_word' id='word_1_158' title='bbox 1621 1831 1814 1869; x_wconf 89' lang='lat' dir='ltr'>mentem</span> 
     </span>
     <span class='ocr_line' id='line_1_20' title="bbox 251 1905 1814 1956; baseline -0.001 -11"><span class='ocrx_word' id='word_1_159' title='bbox 251 1907 381 1956; x_wconf 87' lang='lat' dir='ltr'>venit,</span> <span class='ocrx_word' id='word_1_160' title='bbox 416 1917 546 1955; x_wconf 90' lang='lat' dir='ltr'>quam</span> <span class='ocrx_word' id='word_1_161' title='bbox 579 1906 801 1945; x_wconf 88' lang='lat' dir='ltr'>commode</span> <span class='ocrx_word' id='word_1_162' title='bbox 829 1906 1031 1954; x_wconf 86' lang='lat' dir='ltr'>intelligit</span> <span class='ocrx_word' id='word_1_163' title='bbox 1060 1907 1316 1954; x_wconf 85' lang='lat' dir='ltr'>argumento</span> <span class='ocrx_word' id='word_1_164' title='bbox 1346 1915 1441 1944; x_wconf 89' lang='lat' dir='ltr'>esse</span> <span class='ocrx_word' id='word_1_165' title='bbox 1467 1905 1575 1944; x_wconf 86' lang='lat' dir='ltr'>falso</span> <span class='ocrx_word' id='word_1_166' title='bbox 1593 1905 1814 1944; x_wconf 89' lang='lat' dir='ltr'>dominum</span> 
     </span>
     <span class='ocr_line' id='line_1_21' title="bbox 250 1979 1813 2030; baseline -0.001 -10"><span class='ocrx_word' id='word_1_167' title='bbox 250 1982 401 2021; x_wconf 89' lang='lat' dir='ltr'>terreri</span> <span class='ocrx_word' id='word_1_168' title='bbox 447 1983 580 2020; x_wconf 91' lang='lat' dir='ltr'>metu.</span> <span class='ocrx_word' id='word_1_169' title='bbox 629 1982 778 2029; x_wconf 84' lang='lat' dir='ltr'>ltaque</span> <span class='ocrx_word' id='word_1_170' title='bbox 814 1981 935 2019; x_wconf 91' lang='lat' dir='ltr'>hem</span> <span class='ocrx_word' id='word_1_171' title='bbox 977 1980 1206 2030; x_wconf 85' lang='lat' dir='ltr'>exclamat,</span> <span class='ocrx_word' id='word_1_172' title='bbox 1251 1991 1438 2028; x_wconf 90' lang='lat' dir='ltr'>namque</span> <span class='ocrx_word' id='word_1_173' title='bbox 1479 1981 1616 2019; x_wconf 86' lang='lat' dir='ltr'>felicis</span> <span class='ocrx_word' id='word_1_174' title='bbox 1649 1979 1813 2019; x_wconf 87' lang='lat' dir='ltr'>inventi</span> 
     </span>
     <span class='ocr_line' id='line_1_22' title="bbox 250 2058 739 2107; baseline -0.002 -10"><span class='ocrx_word' id='word_1_175' title='bbox 250 2059 317 2097; x_wconf 89' lang='lat' dir='ltr'>sui</span> <span class='ocrx_word' id='word_1_176' title='bbox 348 2059 501 2107; x_wconf 89' lang='lat' dir='ltr'>gaudio</span> <span class='ocrx_word' id='word_1_177' title='bbox 535 2058 739 2097; x_wconf 88' lang='lat' dir='ltr'>exsultat.</span> 
     </span>
    </p>

    <p class='ocr_par' dir='ltr' id='par_1_5' title="bbox 251 2131 1811 2715">
     <span class='ocr_line' id='line_1_23' title="bbox 310 2131 1811 2182; baseline -0.003 -9"><span class='ocrx_word' id='word_1_178' title='bbox 310 2135 440 2174; x_wconf 83' lang='lat' dir='ltr'>Andr.</span> <span class='ocrx_word' id='word_1_179' title='bbox 489 2135 587 2173; x_wconf 82' lang='lat'>969.</span> <span class='ocrx_word' id='word_1_180' title='bbox 631 2134 798 2182; x_wconf 80' lang='lat' dir='ltr'>Quanta</span> <span class='ocrx_word' id='word_1_181' title='bbox 839 2134 920 2171; x_wconf 89' lang='lat' dir='ltr'>sibi</span> <span class='ocrx_word' id='word_1_182' title='bbox 963 2133 1147 2171; x_wconf 79' lang='lat' dir='ltr'>felicitas</span> <span class='ocrx_word' id='word_1_183' title='bbox 1180 2132 1380 2180; x_wconf 86' lang='lat' dir='ltr'>obtigerit</span> <span class='ocrx_word' id='word_1_184' title='bbox 1411 2132 1662 2180; x_wconf 86' lang='lat' dir='ltr'>Pamphilus</span> <span class='ocrx_word' id='word_1_185' title='bbox 1692 2131 1811 2172; x_wconf 88' lang='lat' dir='ltr'>Davo</span> 
     </span>
     <span class='ocr_line' id='line_1_24' title="bbox 252 2207 1811 2258; baseline -0.003 -9"><span class='ocrx_word' id='word_1_186' title='bbox 252 2211 410 2249; x_wconf 89' lang='lat' dir='ltr'>narrat.</span> <span class='ocrx_word' id='word_1_187' title='bbox 449 2210 594 2258; x_wconf 86' lang='lat' dir='ltr'>„Mea”</span> <span class='ocrx_word' id='word_1_188' title='bbox 631 2210 691 2247; x_wconf 89' lang='lat' dir='ltr'>ait</span> <span class='ocrx_word' id='word_1_189' title='bbox 725 2209 997 2257; x_wconf 81' lang='lat' dir='ltr'>„Glycerium</span> <span class='ocrx_word' id='word_1_190' title='bbox 1027 2218 1128 2246; x_wconf 91' lang='lat' dir='ltr'>suos</span> <span class='ocrx_word' id='word_1_191' title='bbox 1154 2209 1356 2256; x_wconf 89' lang='lat' dir='ltr'>parentes</span> <span class='ocrx_word' id='word_1_192' title='bbox 1382 2207 1594 2256; x_wconf 89' lang='lat' dir='ltr'>repperit”</span> <span class='ocrx_word' id='word_1_193' title='bbox 1614 2209 1657 2246; x_wconf 91' lang='lat' dir='ltr'>et</span> <span class='ocrx_word' id='word_1_194' title='bbox 1672 2209 1811 2256; x_wconf 88' lang='lat' dir='ltr'>gratu-</span> 
     </span>
     <span class='ocr_line' id='line_1_25' title="bbox 251 2283 1810 2332; baseline -0.003 -8"><span class='ocrx_word' id='word_1_195' title='bbox 251 2287 364 2325; x_wconf 84' lang='lat' dir='ltr'>latur</span> <span class='ocrx_word' id='word_1_196' title='bbox 406 2286 444 2324; x_wconf 89' lang='lat' dir='ltr'>ei</span> <span class='ocrx_word' id='word_1_197' title='bbox 476 2295 628 2323; x_wconf 85' lang='lat' dir='ltr'>servus</span> <span class='ocrx_word' id='word_1_198' title='bbox 660 2285 787 2323; x_wconf 90' lang='lat' dir='ltr'>solita</span> <span class='ocrx_word' id='word_1_199' title='bbox 817 2284 1024 2322; x_wconf 86' lang='lat' dir='ltr'>formula:</span> <span class='ocrx_word' id='word_1_200' title='bbox 1063 2283 1252 2332; x_wconf 85' lang='lat' dir='ltr'>„factum</span> <span class='ocrx_word' id='word_1_201' title='bbox 1284 2283 1433 2321; x_wconf 88' lang='lat' dir='ltr'>bene.’&#39;</span> <span class='ocrx_word' id='word_1_202' title='bbox 1467 2283 1526 2321; x_wconf 90' lang='lat' dir='ltr'>At</span> <span class='ocrx_word' id='word_1_203' title='bbox 1552 2293 1700 2321; x_wconf 90' lang='lat' dir='ltr'>eorum</span> <span class='ocrx_word' id='word_1_204' title='bbox 1727 2292 1810 2320; x_wconf 89' lang='lat' dir='ltr'>ser-</span> 
     </span>
     <span class='ocr_line' id='line_1_26' title="bbox 251 2338 1811 2407; baseline -0.003 -7"><span class='ocrx_word' id='word_1_205' title='bbox 251 2372 426 2400; x_wconf 88' lang='lat' dir='ltr'>monem</span> <span class='ocrx_word' id='word_1_206' title='bbox 484 2361 648 2400; x_wconf 87' lang='lat' dir='ltr'>audivit</span> <span class='ocrx_word' id='word_1_207' title='bbox 705 2360 936 2399; x_wconf 84' lang='lat' dir='ltr'>Charinus:</span> <span class='ocrx_word' id='word_1_208' title='bbox 995 2338 1257 2407; x_wconf 64' lang='lat' dir='ltr'>Glyceriumv</span> <span class='ocrx_word' id='word_1_209' title='bbox 1286 2358 1375 2396; x_wconf 82' lang='lat' dir='ltr'>fore</span> <span class='ocrx_word' id='word_1_210' title='bbox 1422 2358 1583 2396; x_wconf 88' lang='lat' dir='ltr'>iustam</span> <span class='ocrx_word' id='word_1_211' title='bbox 1629 2367 1811 2396; x_wconf 89' lang='lat' dir='ltr'>uxorem</span> 
     </span>
     <span class='ocr_line' id='line_1_27' title="bbox 252 2434 1811 2486; baseline -0.002 -10"><span class='ocrx_word' id='word_1_212' title='bbox 252 2438 464 2486; x_wconf 86' lang='lat' dir='ltr'>Pamphili</span> <span class='ocrx_word' id='word_1_213' title='bbox 520 2437 733 2485; x_wconf 89' lang='lat' dir='ltr'>intelligit,</span> <span class='ocrx_word' id='word_1_214' title='bbox 791 2446 927 2483; x_wconf 90' lang='lat' dir='ltr'>neque</span> <span class='ocrx_word' id='word_1_215' title='bbox 975 2445 1086 2484; x_wconf 90' lang='lat' dir='ltr'>ergo,</span> <span class='ocrx_word' id='word_1_216' title='bbox 1134 2435 1298 2472; x_wconf 87' lang='lat' dir='ltr'>remoto</span> <span class='ocrx_word' id='word_1_217' title='bbox 1347 2434 1528 2483; x_wconf 90' lang='lat' dir='ltr'>aemulo,</span> <span class='ocrx_word' id='word_1_218' title='bbox 1579 2434 1811 2482; x_wconf 87' lang='lat' dir='ltr'>quidquam</span> 
     </span>
     <span class='ocr_line' id='line_1_28' title="bbox 252 2510 1808 2562; baseline -0.003 -10"><span class='ocrx_word' id='word_1_219' title='bbox 252 2514 422 2552; x_wconf 85' lang='lat' dir='ltr'>obstare</span> <span class='ocrx_word' id='word_1_220' title='bbox 452 2514 681 2562; x_wconf 90' lang='lat' dir='ltr'>quominus</span> <span class='ocrx_word' id='word_1_221' title='bbox 708 2513 798 2561; x_wconf 90' lang='lat' dir='ltr'>ipse</span> <span class='ocrx_word' id='word_1_222' title='bbox 825 2512 1137 2559; x_wconf 86' lang='lat' dir='ltr'>Philumenam,</span> <span class='ocrx_word' id='word_1_223' title='bbox 1167 2510 1287 2548; x_wconf 90' lang='lat' dir='ltr'>cuius</span> <span class='ocrx_word' id='word_1_224' title='bbox 1315 2510 1464 2548; x_wconf 86' lang='lat' dir='ltr'>ardeat</span> <span class='ocrx_word' id='word_1_225' title='bbox 1491 2520 1648 2559; x_wconf 86' lang='lat' dir='ltr'>amore,</span> <span class='ocrx_word' id='word_1_226' title='bbox 1669 2510 1808 2548; x_wconf 92' lang='lat' dir='ltr'>ducat.</span> 
     </span>
     <span class='ocr_line' id='line_1_29' title="bbox 253 2585 1806 2635; baseline -0.004 -7"><span class='ocrx_word' id='word_1_227' title='bbox 253 2590 400 2628; x_wconf 81' lang='lat' dir='ltr'>Subita</span> <span class='ocrx_word' id='word_1_228' title='bbox 431 2591 578 2628; x_wconf 91' lang='lat' dir='ltr'>autem</span> <span class='ocrx_word' id='word_1_229' title='bbox 603 2589 768 2627; x_wconf 89' lang='lat' dir='ltr'>laetitia</span> <span class='ocrx_word' id='word_1_230' title='bbox 794 2587 988 2635; x_wconf 84' lang='lat' dir='ltr'>perfundi</span> <span class='ocrx_word' id='word_1_231' title='bbox 1016 2586 1332 2625; x_wconf 87' lang='lat' dir='ltr'>adolescentem</span> <span class='ocrx_word' id='word_1_232' title='bbox 1360 2596 1414 2623; x_wconf 90' lang='lat' dir='ltr'>ex</span> <span class='ocrx_word' id='word_1_233' title='bbox 1441 2595 1527 2623; x_wconf 88' lang='lat' dir='ltr'>una</span> <span class='ocrx_word' id='word_1_234' title='bbox 1543 2595 1647 2623; x_wconf 91' lang='lat' dir='ltr'>voce</span> <span class='ocrx_word' id='word_1_235' title='bbox 1663 2585 1806 2635; x_wconf 87' lang='lat' dir='ltr'>hem,</span> 
     </span>
     <span class='ocr_line' id='line_1_30' title="bbox 253 2664 960 2715; baseline -0.003 -11"><span class='ocrx_word' id='word_1_236' title='bbox 253 2677 336 2714; x_wconf 91' lang='lat' dir='ltr'>qua</span> <span class='ocrx_word' id='word_1_237' title='bbox 367 2666 437 2704; x_wconf 89' lang='lat' dir='ltr'>ille</span> <span class='ocrx_word' id='word_1_238' title='bbox 468 2666 615 2715; x_wconf 88' lang='lat' dir='ltr'>utitur,</span> <span class='ocrx_word' id='word_1_239' title='bbox 650 2664 960 2713; x_wconf 82' lang='lat' dir='ltr'>cognoscimus.</span> 
     </span>
    </p>

    <p class='ocr_par' dir='ltr' id='par_1_6' title="bbox 310 2733 1808 2790">
     <span class='ocr_line' id='line_1_31' title="bbox 310 2733 1808 2790; baseline -0.005 -10"><span class='ocrx_word' id='word_1_240' title='bbox 310 2741 404 2780; x_wconf 90' lang='lat' dir='ltr'>Non</span> <span class='ocrx_word' id='word_1_241' title='bbox 449 2742 618 2790; x_wconf 88' lang='lat' dir='ltr'>poterat</span> <span class='ocrx_word' id='word_1_242' title='bbox 663 2741 810 2779; x_wconf 88' lang='lat' dir='ltr'>autem</span> <span class='ocrx_word' id='word_1_243' title='bbox 847 2733 961 2778; x_wconf 89' lang='lat' dir='ltr'>illius</span> <span class='ocrx_word' id='word_1_244' title='bbox 992 2736 1299 2776; x_wconf 88' lang='lat' dir='ltr'>interiectionis</span> <span class='ocrx_word' id='word_1_245' title='bbox 1331 2736 1398 2774; x_wconf 87' lang='lat' dir='ltr'>vis</span> <span class='ocrx_word' id='word_1_246' title='bbox 1432 2737 1559 2784; x_wconf 87' lang='lat' dir='ltr'>atque</span> <span class='ocrx_word' id='word_1_247' title='bbox 1590 2735 1808 2784; x_wconf 89' lang='lat' dir='ltr'>emphasis</span> 
     </span>
    </p>
   </div>
   <div class='ocr_carea' id='block_1_3' title="bbox 252 2924 1806 3017">
    <p class='ocr_par' dir='ltr' id='par_1_7' title="bbox 252 2924 1806 3017">
     <span class='ocr_line' id='line_1_32' title="bbox 292 2924 1806 2967; baseline -0.005 -6"><span class='ocrx_word' id='word_1_248' title='bbox 292 2935 311 2967; x_wconf 92' lang='lat'>¹)</span> <span class='ocrx_word' id='word_1_249' title='bbox 337 2933 371 2961; x_wconf 85' lang='lat' dir='ltr'>Si</span> <span class='ocrx_word' id='word_1_250' title='bbox 402 2933 484 2961; x_wconf 87' lang='lat' dir='ltr'>illud</span> <span class='ocrx_word' id='word_1_251' title='bbox 513 2932 643 2962; x_wconf 79' lang='lat' dir='ltr'>sicine</span> <span class='ocrx_word' id='word_1_252' title='bbox 671 2933 760 2967; x_wconf 88' lang='lat' dir='ltr'>agis</span> <span class='ocrx_word' id='word_1_253' title='bbox 787 2932 917 2967; x_wconf 84' lang='lat' dir='ltr'>Belgice</span> <span class='ocrx_word' id='word_1_254' title='bbox 941 2931 1095 2960; x_wconf 83' lang='lat' dir='ltr'>verteris:</span> <span class='ocrx_word' id='word_1_255' title='bbox 1124 2929 1198 2966; x_wconf 87' lang='lat' dir='ltr'>„dat</span> <span class='ocrx_word' id='word_1_256' title='bbox 1226 2929 1256 2957; x_wconf 87' lang='lat' dir='ltr'>is</span> <span class='ocrx_word' id='word_1_257' title='bbox 1273 2935 1319 2956; x_wconf 91' lang='lat' dir='ltr'>nu</span> <span class='ocrx_word' id='word_1_258' title='bbox 1337 2928 1409 2957; x_wconf 82' lang='lat' dir='ltr'>niet</span> <span class='ocrx_word' id='word_1_259' title='bbox 1427 2927 1516 2956; x_wconf 87' lang='lat' dir='ltr'>mooi</span> <span class='ocrx_word' id='word_1_260' title='bbox 1535 2934 1603 2956; x_wconf 82' lang='lat' dir='ltr'>van</span> <span class='ocrx_word' id='word_1_261' title='bbox 1618 2926 1677 2961; x_wconf 82' lang='lat' dir='ltr'>je’&#39;,</span> <span class='ocrx_word' id='word_1_262' title='bbox 1697 2924 1806 2954; x_wconf 84' lang='lat' dir='ltr'>Latini</span> 
     </span>
     <span class='ocr_line' id='line_1_33' title="bbox 252 2985 871 3017; baseline -0.002 -3"><span class='ocrx_word' id='word_1_263' title='bbox 252 2986 331 3014; x_wconf 82' lang='lat' dir='ltr'>dicti</span> <span class='ocrx_word' id='word_1_264' title='bbox 350 2986 491 3014; x_wconf 85' lang='lat' dir='ltr'>colorem</span> <span class='ocrx_word' id='word_1_265' title='bbox 511 2985 662 3014; x_wconf 82' lang='lat' dir='ltr'>accurate</span> <span class='ocrx_word' id='word_1_266' title='bbox 680 2985 871 3017; x_wconf 80' lang='lat' dir='ltr'>reddideris,</span> 
     </span>
    </p>
   </div>
  </div>
 </body>
</html>
