2002 3464
901 388 955 427 35

247 515 349 555 440.
380 513 465 555 Ubi
494 513 736 554 nominabit
767 513 1036 564 Phaedriam,
1071 515 1119 553 tu
1150 514 1423 563 Pamphilam

381 589 605 631 Continuo.
640 590 855 639 Siquando
887 590 961 629 illa
993 591 1105 629 dicet
1140 591 1423 640 „Phaedriam

381 655 500 706 Intro
531 667 763 706 mittamus
795 667 1134 706 comissatum”:
1168 667 1443 717 Pamphilam

380 742 614 783 Cantatum
645 753 943 792 provocemus.
979 743 1023 782 Si
1053 743 1246 782 laudabit
1278 744 1384 783 haec

378 819 499 858 Illius
530 819 741 859 formam:
775 821 823 858 tu
855 819 983 858 huius
1016 820 1177 858 contra.
1211 819 1402 868 Denique

179 931 181 933 .
245 895 344 936 445.
377 895 461 935 Par
490 906 566 945 pro
600 897 692 945 pari
724 896 893 945 referto,
928 896 1039 944 quod
1072 906 1169 935 eam
1201 897 1410 936 mordeat.

139 970 266 1030 Duas*
303 971 356 1011 ad
401 971 720 1021 lepidissimum
767 972 881 1011 hunc
926 971 1070 1011 locum
1118 973 1443 1012 emendationes
1489 973 1711 1022 proposuit

139 1047 373 1099 Bentlejus,
417 1059 600 1097 quarum
637 1048 820 1088 alteram
852 1049 1000 1097 utique
1032 1049 1334 1099 recipiendam,
1370 1049 1553 1088 alteram
1585 1049 1710 1098 plane

139 1124 468 1175 improbandam
494 1134 661 1164 censeo.
689 1124 854 1174 Nempe
880 1134 956 1173 pro
987 1126 1281 1164 cantatum
1307 1125 1422 1164 haud
1444 1125 1591 1165 dubito
1609 1126 1711 1174 quin

139 1202 367 1242 cantum
407 1202 466 1240 tu
506 1201 738 1250 legendum
779 1201 860 1240 sit:
909 1212 1015 1251 opus
1058 1202 1175 1240 enim
1216 1202 1303 1241 illic
1345 1203 1412 1241 est
1443 1203 1710 1251 pronominis

137 1277 408 1327 repetitione.
451 1276 611 1317 Contra
646 1288 711 1317 vs.
746 1278 832 1318 445
864 1288 1015 1317 vereor
1047 1278 1221 1326 quidem
1252 1279 1302 1317 ut
1333 1288 1430 1327 par
1460 1289 1556 1327 pro
1588 1279 1709 1328 pari

138 1353 356 1394 referre
397 1354 550 1394 Latine
591 1354 675 1393 dici
715 1355 865 1405 possit,
910 1355 987 1394 sed
1024 1355 1135 1403 quod
1166 1354 1389 1403 Bentlejus
1421 1355 1495 1394 dat
1525 1365 1622 1404 par
1653 1357 1711 1394 tu

138 1426 261 1481 pari
286 1430 505 1471 referto
531 1431 646 1470 haud
672 1431 798 1470 dubie
819 1431 1028 1471 vitiosum
1046 1433 1135 1480 est;
1154 1432 1319 1471 namin
1336 1432 1518 1481 singulis
1536 1432 1709 1480 quidem

137 1507 339 1565 partibus-
364 1507 532 1548 consilii
563 1517 589 1547 a
621 1507 847 1547 Gnathone
879 1508 969 1547 dati
1000 1518 1238 1558 pronomen
1269 1510 1328 1548 tu
1354 1509 1600 1558 ponendum
1629 1510 1707 1559 est,

137 1584 183 1624 in
214 1594 365 1624 earum
396 1582 738 1635 ἀνακεφαλαιώσει
770 1585 871 1624 ferri
902 1585 1006 1624 illud
1038 1596 1124 1625 non
1154 1586 1311 1635 potest.

195 1645 271 1702 Vs,
315 1662 463 1702 autem
504 1663 591 1702 439
633 1663 686 1702 id
727 1663 787 1702 ut
827 1673 891 1702 ne
932 1663 1042 1702 fiat
1083 1663 1151 1702 est
1191 1673 1255 1702 ne
1296 1664 1350 1702 te
1381 1664 1509 1702 urat
1540 1663 1566 1703 i.
1586 1673 1621 1702 e.
1655 1674 1709 1702 ne

138 1736 276 1776 ullum
308 1747 364 1777 ex
394 1737 468 1778 illo
500 1738 678 1778 consilio
711 1738 853 1787 capiat
883 1738 1086 1778 fructum.

196 1813 264 1853 Ad
288 1824 354 1854 vs,
382 1815 468 1854 443
495 1815 604 1854 bene
630 1816 811 1854 annotat
833 1814 1096 1854 Scholiasta:
1124 1815 1380 1865 „eleganter,
1399 1815 1500 1863 quia
1517 1815 1590 1854 illa
1604 1815 1710 1854 foris

138 1892 218 1941 est,
241 1890 494 1940 haecintUS,
513 1891 637 1930 illum
659 1891 1135 1941 intromittamus,
1160 1891 1272 1930 hanc
1292 1892 1708 1940 provocemus.'’

196 1965 278 2006 Hic
306 1977 410 2006 vero
435 1966 586 2006 miles:
619 1967 683 2017 „si
710 1967 884 2016 quidem
910 1978 982 2006 me
1009 1969 1189 2017 amaret,
1218 1969 1314 2007 tum
1341 1967 1445 2007 illud
1471 1968 1707 2017 prodesset,

137 2041 350 2082 Gnatho.”
393 2041 622 2092 Egregiam
654 2043 724 2082 hic
755 2043 967 2082 habemus
999 2044 1326 2083 annotationem
1360 2026 1625 2083 Scholiastae
1658 2044 1708 2083 de

136 2115 343 2173 οἴκονομίᾳ
383 2128 493 2167 quae
534 2119 603 2158 his
643 2119 841 2158 versibus
883 2119 1122 2168 inducitur;
1153 2130 1175 2159 e
1207 2130 1292 2168 qua
1322 2120 1430 2159 haec
1461 2119 1707 2159 afferimus:

107 2184 110 2200 ³
139 2188 204 2244 „si
244 2193 326 2234 hoc
355 2194 485 2235 tollas
517 2195 718 2241 (miIItem
750 2206 922 2245 semper
952 2196 1221 2235 intellexisse
1253 2206 1300 2235 se
1331 2206 1417 2235 non
1449 2195 1600 2241 amari)
1634 2197 1710 2234 aut

136 2269 428 2311 excludendus
460 2272 528 2311 est
554 2271 776 2323 Phaedria,
806 2273 882 2311 aut
909 2282 931 2311 e
958 2272 1102 2312 dolore
1129 2272 1283 2311 militis
1312 2272 1355 2311 in
1382 2272 1464 2311 hac
1489 2272 1634 2311 fabula
1659 2270 1709 2310 fit

134 2347 326 2396 tragicus
358 2347 546 2387 exitus.’'
578 2348 667 2387 Nec
698 2348 844 2387 minus
872 2348 1044 2397 egregia
1071 2349 1199 2388 haec:
1233 2349 1514 2398 „meminisse
1541 2350 1709 2398 oportet
1744 2378 1753 2383 ,

135 2422 338 2469 ridiculas
369 2433 586 2473 >personas
626 2435 713 2464 non
755 2425 930 2464 omnino
973 2425 1132 2464 stultas
1175 2426 1218 2464 et
1259 2426 1466 2465 excordes
1507 2426 1651 2465 induci
1684 2435 1709 2463 a
1741 2456 1744 2460 ,

136 2498 276 2548 poetis
307 2499 496 2539 comicis
530 2500 642 2539 Nam
674 2500 792 2540 nulla
824 2500 1051 2540 delectatio
1084 2502 1162 2551 est,
1192 2501 1264 2540 ubi
1292 2501 1468 2541 omnino
1495 2502 1568 2550 qui
1595 2501 1706 2540 delu-

136 2574 252 2614 ditur
287 2575 396 2615 nihil
425 2576 582 2626 sapit.”
605 2571 632 2622 ¹)
660 2576 714 2616 Et
745 2587 899 2616 verum
932 2587 1028 2616 esse
1060 2578 1172 2625 quod
1205 2578 1256 2616 de
1288 2579 1436 2617 nostro
1468 2589 1598 2618 versu
1639 2578 1706 2618 ob-

171 2769 194 2805 ¹)
222 2769 285 2799 Ad.
312 2776 363 2799 vs,
388 2770 451 2799 578.
478 2769 583 2806 syrus
610 2770 771 2801 Demeam
799 2778 913 2800 senem
943 2771 1103 2807 ablegans
1136 2771 1272 2808 longam
1292 2771 1322 2801 ei
1342 2773 1513 2802 monstrat
1531 2772 1623 2802 viam
1642 2779 1708 2807 qua

134 2820 273 2851 fratrem
301 2821 451 2851 invenire
480 2823 597 2861 possit,
626 2824 776 2859 aliosque
803 2824 930 2853 multos
958 2823 1049 2853 locos
1067 2824 1222 2853 nominat
1240 2826 1276 2854 et
1296 2824 1511 2860 angiportum
1531 2824 1707 2860 quendam.

135 2871 198 2903 Sed
227 2873 285 2903 ubi
314 2874 400 2903 dixit
430 2874 519 2911 „Hac
546 2875 704 2912 pergito‚”
731 2876 856 2905 Demea
885 2876 1064 2905 exclamat:
1097 2876 1151 2913 „Id
1182 2876 1315 2910 quidem
1335 2876 1549 2912 angiportum
1568 2883 1634 2906 non
1655 2878 1708 2906 est

132 2925 314 2961 pervium?
345 2926 408 2956 Hic
439 2934 568 2962 quoque
594 2927 723 2963 egregie
751 2928 872 2958 Schol.:
906 2928 1066 2965 „observa
1095 2928 1394 2958 Terentianam
1423 2929 1708 2967 consuetudinem,

133 2973 170 3006 ln
188 2984 255 3012 qua
272 2978 400 3008 inducit
417 2986 484 3008 non
503 2979 588 3008 nihil
606 2987 723 3015 sapere
742 2987 801 3009 eos
822 2979 879 3015 qui
899 2980 1090 3010 falluntur.”
