2002 3464
1014 400 1069 439 24

358 535 435 573 age
463 525 601 574 modo,
632 535 745 563 nunc
770 525 847 563 tibi
874 525 1023 572 patent
1048 524 1160 564 fores
1187 525 1279 574 hae,
1310 525 1408 573 quia
1433 527 1564 565 istam
1591 527 1724 566 ducis.

262 600 405 648 „Hoc”
439 600 499 638 ait
533 599 772 638 Scholiasta
805 600 953 648 „quasi
990 600 1042 638 ad
1079 599 1360 650 Gnathonem,
1399 602 1474 640 sed
1511 602 1625 641 lente
1665 603 1708 641 et
1735 602 1814 642 sub

258 675 404 723 lingua
431 675 716 713 murmurat’'.
748 674 988 713 Scholiasta
1009 685 1107 723 ergo
1127 677 1273 714 censet
1289 676 1545 715 Parmenoni
1561 687 1816 725 persuasum

260 760 354 788 esse
396 751 446 788 de
487 750 598 789 bona
638 748 720 788 fide
767 750 953 788 Thaidis.
1001 750 1209 798 Equidem
1256 751 1422 790 dubito:
1471 752 1659 791 vidimus
1700 753 1816 792 enim

261 835 390 873 quarn
431 825 630 873 pertinax
671 825 785 864 idem
826 825 897 864 ille
939 825 1149 865 Parmeno
1190 808 1315 874 paulo
1353 827 1451 865 ante
1482 827 1612 866 suerit
1643 827 1816 868 Thaidis

259 900 542 942 adversarius.
586 900 751 948 Ergone
793 910 906 939 nunc
946 901 1134 939 mutavit
1169 902 1380 950 mentem,
1425 903 1622 950 certaque
1658 904 1747 942 stat
1777 903 1816 942 ei

258 986 356 1024 spes
398 975 541 1023 elapso
582 976 708 1014 biduo
751 976 975 1014 exclusum
1018 976 1069 1014 iri
1104 976 1290 1015 militem
1323 978 1366 1015 et
1396 978 1535 1016 totam
1565 978 1654 1017 fore
1685 978 1815 1018 Phae-

259 1051 374 1089 driae
416 1051 655 1089 Thaidem?
696 1051 788 1089 Non
825 1042 974 1090 tamen
1005 1062 1112 1099 nego
1144 1050 1236 1090 fieri
1267 1062 1392 1100 posse
1423 1051 1712 1092 ut'Parmeno
1744 1053 1815 1093 ali-

259 1136 388 1174 quam
430 1126 474 1164 in
516 1126 689 1164 Thaidis
731 1125 813 1165 fide
855 1137 976 1174 spem
1018 1127 1159 1175 ponat.
1204 1127 1302 1166 Mox
1342 1137 1494 1172 versus
1536 1127 1714 1167 afferam
1745 1129 1818 1177 qui

257 1201 336 1240 hoc
382 1201 489 1239 mihi
532 1201 712 1240 reddant
753 1202 965 1240 credibile.
1010 1202 1090 1240 Sed
1127 1202 1245 1250 prius
1286 1212 1461 1241 versum
1492 1204 1817 1252 praecedentem

260 1276 521 1324 aspiciamus
564 1287 588 1315 a
632 1277 870 1316 Scholiasta
911 1277 1174 1326 lepidissime
1216 1277 1494 1318 illustratum.
1531 1278 1604 1318 Vs.
1639 1279 1724 1318 280
1755 1279 1818 1319 sic

259 1351 573 1390 Parmenonem
616 1352 845 1400 alloquitur
877 1352 1066 1391 Gnatho:

495 1427 673 1465 Detineo
705 1428 770 1466 te:
804 1428 988 1466 fortasse
1019 1429 1067 1466 tu
1098 1427 1313 1476 profectus
1345 1428 1427 1466 alio
1458 1429 1614 1468 fueras.

192 1523 197 1526 -
261 1502 396 1551 Quam
438 1503 621 1541 mordax
662 1502 767 1541 illud
809 1503 971 1542 dictum
1013 1502 1071 1541 sit
1101 1513 1228 1541 nemo
1271 1503 1510 1542 Scholiasta
1540 1504 1696 1543 melius
1726 1515 1814 1554 per-

259 1578 424 1626 spexit;
468 1578 646 1616 annotat
679 1578 816 1616 enim:
855 1578 974 1627 „vult
1006 1578 1246 1626 exprimere
1278 1579 1590 1618 confessionem
1622 1580 1732 1627 quod
1762 1580 1814 1619 ad

259 1651 466 1691 Thaidem
497 1652 664 1690 venerit
691 1653 766 1690 sed
798 1652 957 1690 intrare
988 1663 1073 1691 non
1103 1653 1282 1700 possit.''

317 1727 409 1766 Hoc
449 1728 597 1766 tamen
639 1727 882 1766 mordacius
925 1727 1059 1766 etiam
1091 1728 1202 1775 quod
1233 1729 1472 1767 restantem
1502 1728 1814 1768 Parmenonem

259 1803 426 1841 Gnatho
471 1803 594 1851 rogat
639 1813 703 1842 vs.
750 1803 832 1841 283
866 1803 1144 1852 '„numquem
1186 1803 1355 1842 evocari
1395 1804 1494 1843 hinc
1533 1804 1600 1842 vis
1640 1804 1812 1843 foras?”

259 1880 425 1926 (nempe
457 1888 681 1917 servorum
712 1878 926 1926 aliquem).

316 1953 434 1991 Haec
476 1953 547 1991 ubi
590 1953 699 1992 dixit
741 1953 908 1992 Gnatho
950 1953 1077 1991 aedes
1118 1953 1278 1992 introit.
1316 1953 1426 1992 Tum
1457 1953 1574 1992 solus
1605 1954 1814 1994 Parmeno

255 2028 442 2076 loquitur
474 2031 550 2074 (vs.
586 2029 669 2067 283
702 2031 832 2076 sqq.):

895 2104 994 2159 Sine
1026 2103 1203 2142 biduum
1235 2105 1315 2143 hoc
1345 2106 1606 2153 praetereat:

435 2179 512 2228 Qui
543 2179 652 2217 mihi
683 2190 794 2218 nunc
828 2189 911 2218 uno
945 2179 1121 2227 digitulo
1153 2179 1256 2218 foris
1289 2180 1427 2228 aperis
1452 2181 1695 2219 fortunatus

430 2254 492 2293 Ne
523 2256 572 2293 tu
604 2255 712 2293 istas
745 2255 845 2293 faxo
880 2255 1066 2293 calcibus
1097 2265 1224 2303 saepe
1256 2254 1482 2294 insultabis
1513 2255 1684 2294 frustra.

254 2329 310 2368 Hi
351 2332 452 2369 sunt
497 2331 559 2369 illi
590 2341 754 2380 versus,
790 2332 942 2379 quibus
973 2331 1099 2370 modo
1132 2331 1325 2370 dicebam
1357 2331 1400 2369 in
1432 2341 1529 2370 eam
1559 2341 1630 2370 me
1662 2332 1813 2371 adduci

254 2405 498 2453 opinionem
541 2407 589 2444 ut
627 2406 798 2444 credam
830 2406 917 2444 iam
950 2406 1001 2444 de
1033 2405 1192 2444 Thaide
1224 2406 1387 2455 optima
1418 2416 1608 2454 quaeque
1639 2416 1810 2455 sperare

254 2480 581 2519 Parmenonem.
638 2480 716 2530 Qui
768 2482 870 2519 dum
918 2481 1050 2520 etiam
1092 2482 1192 2520 ante
1234 2481 1407 2519 Thaidis
1449 2481 1609 2519 ostium
1649 2482 1812 2521 otiosus

254 2555 398 2594 adstat
430 2557 728 2595 accurrentem
762 2557 897 2595 cernit
929 2556 1078 2595 erilem
1109 2555 1246 2595 filium
1279 2555 1526 2595 Chaeream.

933 2738 1076 2777 SGENA
1109 2738 1148 2776 3.

313 2852 467 2891 Secum
499 2853 569 2892 ille
604 2852 793 2892 Chaerea
825 2863 975 2892 omnes
1007 2853 1088 2892 sibi
1120 2853 1387 2892 adversarios
1420 2854 1520 2892 deos
1546 2854 1810 2892 lamentatur

256 2927 326 2975 qui
358 2928 462 2976 eripi
496 2928 629 2967 oculis
657 2928 748 2967 suis
775 2928 894 2977 passi
920 2929 1007 2967 sint
1032 2928 1244 2976 virginem
1271 2929 1465 2967 omnium
1492 2939 1597 2977 quas
1622 2938 1811 2976 unquam
