2002 3464
990 371 1072 409 106

248 496 435 534 amicum
483 495 716 534 Charinum
762 496 882 534 metu
929 495 1080 543 solvit;
1128 496 1396 535 demonstrat
1438 495 1555 533 enim
1599 505 1684 534 non
1714 496 1804 536 fore

247 572 382 620 hodie,
432 571 472 609 id
519 571 630 618 quod
672 571 732 609 illi
775 571 944 610 dixerat
974 572 1106 620 pater,
1141 571 1313 620 nuptias
1346 571 1443 610 illas
1476 571 1580 609 adeo
1613 571 1802 611 reformi-

247 647 392 694 datas3
436 657 521 685 non
563 656 657 685 esse
699 657 798 695 ergo
842 646 1023 685 Charino
1060 647 1371 695 desperandum
1404 647 1454 685 de
1487 647 1679 685 ducenda
1709 647 1803 686 Phi·

245 723 431 771 lumena,
480 732 610 769 quam
657 721 746 770 ipse
794 722 991 760 ardenter
1036 732 1217 761 uxorem
1264 722 1391 771 cupit,
1436 722 1660 771 Pamphilo
1702 732 1804 762 vero
1877 742 1882 761 ι

246 792 507 837 invitissimo
540 797 728 837 obtrudit
758 798 890 846 pater.
924 797 1202 837 Demonstrat
1233 800 1379 837 autem
1412 798 1656 837 narratione
1683 797 1805 838 cuius

246 874 326 913 hoc
358 875 424 912 est
455 873 628 911 initium
661 875 737 919 (vs.
773 874 1013 919 3534--6o):

364 949 480 988 Tuus
511 950 632 997 pater
662 949 789 987 modo
822 948 890 987 hio
921 959 992 987 me
1023 949 1212 997 prendit:
1246 949 1307 988 ait
1332 949 1410 988 tibi
1436 959 1618 999 uxorem
1645 949 1745 990 dare

363 1025 511 1074 Hodie,
551 1024 612 1063 ita
644 1025 728 1063 alia
758 1025 908 1074 multa,
942 1035 1050 1073 quae
1081 1036 1193 1064 nunc
1224 1036 1309 1064 non
1341 1027 1408 1065 est
1439 1027 1640 1066 narrandi
1670 1026 1802 1066 locus.

365 1100 574 1140 Continuo
606 1101 658 1139 ad
690 1102 733 1139 te
764 1100 995 1149 properans
1026 1111 1224 1150 percurro
1256 1102 1308 1140 ad
1339 1102 1493 1151 forum,
1527 1104 1576 1141 ut
1608 1102 1748 1142 dicam

1560 1178 1653 1224 [tibi
1683 1178 1801 1218 haec.

363 1252 446 1291 Ubi
473 1254 515 1291 te
536 1262 622 1291 non
639 1252 822 1302 invenio,
842 1252 899 1290 ibi
917 1253 1098 1291 ascendo
1117 1252 1161 1291 in
1177 1253 1390 1301 quendam
1408 1254 1629 1292 excelsum
1645 1253 1801 1292 locum.

365 1328 682 1376 Circumspicio,
716 1338 952 1376 nusquam:
985 1328 1093 1367 forte
1126 1328 1182 1366 ibi
1214 1328 1341 1366 huius
1373 1312 1495 1368 video
1526 1329 1748 1377 Byrriam;

363 1404 502 1452 Rogo:
536 1406 665 1451 negat
696 1403 869 1443 vidisse.
903 1404 1011 1442 mihi
1042 1404 1290 1442 molestum.
1324 1403 1424 1452 quid
1457 1415 1583 1453 agam
1611 1405 1762 1453 cogito.

364 1479 575 1518 Redeunti
607 1479 771 1518 interea
802 1490 857 1517 ex
888 1479 981 1527 ipsa
1012 1490 1057 1517 re
1089 1479 1150 1517 mi
1182 1479 1331 1518 incidit
1361 1479 1569 1528 suspicio:
1607 1480 1745 1529 „hem‚

364 1555 591 1593 Paululum
624 1556 794 1594 obsoni:
829 1555 947 1603 ipsus
979 1555 1139 1594 tristis:
1174 1556 1224 1593 de
1256 1555 1489 1603 improviso
1521 1555 1717 1604 nuptiae:

362 1631 454 1669 Non
487 1631 759 1670 cohaerent.”

243 1706 360 1745 Haec
407 1717 432 1745 a
479 1707 718 1745 Scholiasta
765 1708 971 1746 annotata
1019 1707 1287 1746 invenimus:
1335 1708 1529 1756 „Rogo:
1572 1707 1684 1746 mira
1713 1707 1801 1746 bre-

242 1782 356 1820 vitas
399 1783 442 1820 et
487 1782 740 1832 imitanda‚’'
788 1784 852 1821 et:
906 1783 1094 1831 „Ipsus
1135 1783 1355 1832 tristis,
1400 1784 1460 1822 de
1491 1782 1802 1832 improviso

242 1857 496 1906 nuptiae:
545 1858 654 1896 mire
696 1860 738 1897 et
780 1858 1012 1897 moraliter.
1056 1858 1121 1897 Ex
1156 1858 1224 1897 his
1267 1858 1382 1897 enim
1424 1866 1532 1906 quae
1573 1859 1687 1897 facta
1717 1868 1803 1897 non

242 1934 355 1982 sunt,
385 1934 507 1972 docet
533 1934 644 1981 quod
670 1933 824 1972 fecisse
851 1933 1034 1972 deberet.
1063 1934 1116 1972 Et
1133 1934 1193 1972 de
1225 1934 1537 1982 improviso
1569 1933 1802 1982 nuptiae

241 2009 646 2057 pronuntiandum.”
689 2009 838 2048 Nonne
875 2010 981 2047 haec
1013 2009 1104 2048 eius
1136 2011 1238 2048 sunt
1270 2009 1341 2057 qui
1373 2008 1568 2058 spectari,
1603 2019 1688 2047 non
1718 2008 1802 2057 legi

242 2085 337 2123 vult
368 2084 649 2123 Terentium?

300 2160 430 2199 Andr.
481 2161 578 2199 741.
627 2160 771 2209 Mysis,
821 2160 1004 2208 Glycerii
1052 2160 1217 2209 ancilla,
1268 2170 1293 2198 a
1340 2160 1458 2198 Davo
1501 2159 1630 2209 iussa,
1663 2158 1802 2199 filium

242 2247 370 2284 quem
412 2237 635 2285 Pamphilo
672 2236 836 2285 peperit
876 2236 961 2285 illa,
996 2238 1096 2275 ante
1128 2236 1291 2275 ostium
1323 2235 1536 2284 Pamphili
1567 2234 1702 2284 patris
1734 2235 1799 2274 de-

241 2312 395 2360 posuit,
425 2312 518 2360 ipsa
544 2312 765 2362 remansit,
794 2312 939 2351 Davus
967 2311 1092 2359 abiit3
1123 2311 1533 2360 appropinquantem
1561 2311 1677 2349 enim
1693 2311 1802 2350 vidit

242 2386 528 2437 Chremetem,
573 2388 644 2435 qui
686 2388 885 2426 omnibus
926 2387 1066 2425 modis
1107 2397 1160 2425 ne
1202 2385 1337 2424 filiam
1375 2387 1446 2425 det
1479 2385 1702 2435 Pamphilo
1734 2387 1802 2425 est

241 2463 530 2501 deterrendus.
564 2463 740 2501 Accedit
767 2463 913 2501 autem
941 2461 1146 2501 Chremes
1171 2461 1325 2510 lentus,
1357 2461 1417 2499 nil
1444 2461 1549 2499 mali
1576 2461 1801 2509 suspicans

242 2540 284 2576 et
316 2548 464 2576 secum
495 2538 685 2586 loquens.
720 2538 959 2577 Audiamus
991 2538 1155 2586 ipsum:

418 2614 637 2662 Revortor‚
671 2614 899 2661 postquam
932 2623 1039 2660 quae
1071 2622 1176 2660 opus
1207 2611 1324 2650 fuere
1356 2612 1409 2650 ad
1439 2611 1613 2660 nuptias

419 2689 582 2727 Gnatae
613 2689 774 2738 paravi,
808 2690 857 2727 ut
887 2689 1058 2727 iubeam
1091 2687 1261 2726 arcessi.
1297 2687 1377 2725 Sed
1410 2687 1509 2735 quid
1540 2687 1652 2725 hoc?

417 2764 527 2802 Puer
558 2764 755 2813 herclest,
790 2764 945 2802 mulier
976 2765 1023 2802 tu
1056 2763 1262 2811 apposisti
1290 2762 1434 2800 hunc?
1563 2758 1567 2761 ⁴

240 2839 432 2878 Annotat
459 2839 719 2878 Scholiasta:
743 2839 870 2887 „Sed
898 2839 1025 2886 quid
1053 2838 1183 2876 hoc?
1199 2837 1292 2876 Non
1310 2837 1613 2885 interrogantis
1629 2836 1704 2875 sed
1720 2835 1796 2874 mi-

240 2915 376 2953 rantis
388 2916 431 2953 et
442 2925 526 2954 non
538 2914 817 2963 intelligentis
829 2915 908 2953 est.
921 2914 974 2952 Et
985 2914 1160 2962 apparet
1172 2923 1271 2952 eum
1283 2923 1368 2952 non
1379 2912 1513 2951 oculis
1523 2912 1653 2962 prius,
1666 2921 1796 2960 quam
