2002 3464
915 417 971 457 99

153 543 316 584 rectius
340 542 575 593 significari
600 553 732 592 quam
757 544 826 583 his
852 544 1009 594 verbis,
1039 555 1147 593 quae
1174 544 1227 583 ad
1249 544 1380 583 Andr.
1403 544 1486 583 183
1499 541 1728 591 adscripsit

156 620 410 660 Scholiasta.
444 620 551 670 Quid
583 620 751 659 consilii
783 621 943 670 ceperit
974 631 1109 660 senex
1142 622 1186 660 et
1217 620 1430 669 quomodo
1461 619 1525 659 illi
1556 619 1727 659 obviam

155 696 208 736 iri
248 696 388 746 possit
427 706 587 747 secuml
614 696 823 736 deliberat
853 697 1023 746 Davus;
1058 699 1104 737 at
1134 698 1277 737 subito
1309 697 1484 737 nomine
1515 707 1562 736 se
1595 697 1646 735 ab
1680 707 1729 735 eo

153 772 300 813 vocari
341 772 473 812 audit.
515 772 569 811 Et
613 772 754 822 „hem,
798 773 899 821 quid
942 774 1036 813 est’'
1080 774 1154 813 ait.
1197 774 1391 813 Annotat
1423 774 1571 813 autem
1604 773 1729 812 Scho-

153 848 306 888 liasta:
342 848 502 899 „Hem
533 858 647 887 nunc
679 849 803 897 quasi
835 850 1045 899 correptio
1077 850 1212 889 totius
1244 850 1476 899 corporis.’'

213 924 351 965 Ecce
392 924 430 964 is
461 925 718 974 praesertim
752 926 982 975 exclamat,
1018 927 1090 974 qui
1122 927 1251 966 malis
1283 928 1412 975 atque
1444 926 1731 966 incommodis

153 1002 244 1042 iam
284 1002 487 1042 assuetus
529 1001 580 1040 de
611 1012 725 1041 nova
757 1003 1006 1042 calamitate
1039 1003 1194 1052 accipit
1225 1003 1440 1042 nuntium.
1473 1003 1594 1042 Adel.
1630 1003 1729 1042 722.

153 1077 351 1128 Nequam
392 1087 488 1117 esse
530 1078 850 1117 adolescentem
892 1079 1040 1118 fratris
1082 1079 1206 1118 illum
1247 1078 1399 1129 filium,
1443 1089 1573 1128 quem
1606 1079 1729 1127 adop-

135 1154 326 1205 ,taverit,
359 1164 617 1204 persuasum
649 1155 780 1194 habet
811 1155 959 1194 Micio:
988 1156 1089 1204 quid
1117 1156 1233 1194 enim
1261 1156 1333 1195 ille
1359 1166 1446 1195 non
1472 1155 1728 1204 designavit,

154 1231 340 1280 quantas
371 1231 489 1270 dedit
520 1231 683 1270 turbas.
717 1231 827 1280 Ergo
859 1232 992 1271 fratre
1025 1232 1087 1271 ita
1118 1242 1294 1271 narrare
1322 1232 1575 1281 incipiente:

175 1296 177 1298 ¹
751 1308 858 1347 Fero
890 1308 976 1347 alia
1006 1308 1172 1357 flagitia
1203 1319 1228 1347 a
1259 1310 1303 1347 te
1335 1308 1528 1357 ingentia

511 1384 620 1424 Boni
651 1384 768 1423 illius
800 1384 1100 1434 adolescentis,

155 1459 300 1510 aptius
330 1459 438 1499 nihil
469 1460 740 1510 interponere
765 1461 917 1517 ‘potest
948 1471 1080 1509 quam
1112 1461 1217 1499 illud
1247 1471 1371 1510 „ecce
1399 1462 1547 1500 autem
1574 1461 1730 1500 nova.’'

154 1536 349 1576 Annotat
380 1536 644 1576 Scholiasta:
677 1536 839 1586 „Ecce
873 1537 1082 1576 autem:
1112 1536 1219 1576 Ecce
1247 1537 1403 1576 dicitur
1429 1547 1527 1576 cum
1556 1538 1732 1586 repente

154 1604 281 1652 triste
322 1612 483 1661 aliquid
524 1612 652 1652 rebus
695 1613 930 1652 intervenit
969 1613 1110 1662 laetis,
1155 1614 1231 1652 aut
1267 1615 1382 1652 certe
1415 1614 1596 1663 quando,
1631 1624 1731 1653 cum

156 1689 272 1730 aliud
314 1689 468 1739 agitur,
508 1689 624 1728 aliud
656 1690 840 1738 emergit
871 1690 1077 1729 novum.”
1111 1689 1253 1738 Atque
1285 1690 1422 1729 altera
1453 1690 1628 1738 quidem
1661 1700 1730 1729 an—

155 1765 392 1806 notationis
431 1766 576 1814 parte:
625 1767 746 1814 „aut
788 1767 942 1805 certe
986 1788 1038 1793 -
1083 1767 1313 1805 novum'’
1363 1767 1562 1815 colorem,
1601 1777 1732 1814 quem

156 1841 299 1891 apud
339 1841 669 1880 Terentium
711 1841 786 1880 illa
826 1852 914 1881 vox
945 1825 1258 1893 habere'solet,
1293 1843 1508 1882 describit.
1542 1843 1732 1882 Terentii

156 1918 274 1958 enim
314 1927 535 1967 personae,
574 1918 647 1966 qui
679 1928 730 1957 ea
760 1918 953 1968 utuntur,
987 1918 1112 1957 vultu
1143 1929 1192 1958 ac
1223 1929 1328 1958 voce
1360 1929 1407 1958 se
1439 1929 1550 1958 novo
1581 1919 1733 1958 nuntio

155 1993 397 2044 perturbari
423 1994 713 2034 dissimulant.
742 1994 836 2034 Hoc
862 1994 979 2033 enim
1006 2005 1156 2034 eorum
1182 1995 1377 2034 maxime
1405 1997 1483 2045 est,
1513 1995 1586 2044 qui
1603 2006 1731 2044 saepe

156 2071 247 2111 iam
277 2071 329 2110 de
361 2071 572 2111 eiusmodi
603 2070 733 2110 malis
763 2071 868 2110 facti
899 2071 987 2110 sint
1019 2071 1236 2110 certiores.

218 2147 490 2196 Singularem
531 2147 662 2186 habet
702 2147 962 2186 vocabulum
1004 2147 1104 2187 eho
1146 2149 1426 2187 venustatem
1468 2148 1512 2186 in
1553 2148 1730 2190 interro-

157 2223 330 2273 gatione
371 2223 576 2273 positum.
619 2223 678 2263 Eo
716 2223 832 2262 enim
865 2223 1002 2263 utitur
1033 2224 1106 2272 qui
1138 2235 1243 2274 rem,
1278 2225 1329 2264 de
1362 2235 1446 2273 qua
1477 2225 1611 2273 rogat,
1646 2235 1732 2263 non

158 2299 288 2340 audet
327 2309 406 2339 suo
447 2299 622 2339 nomine
663 2310 840 2348 vocare;
885 2310 1014 2348 quem
1046 2301 1181 2349 pudor
1211 2301 1554 2349 verecundiaque
1586 2302 1732 2350 aperte

157 2375 274 2424 loqui
314 2376 478 2415 vetant.
522 2375 626 2415 Hec.
662 2376 760 2415 267.
794 2376 996 2415 Lachetis
1026 2375 1103 2415 filii
1135 2387 1246 2416 uxor
1279 2377 1457 2416 absente
1489 2377 1647 2416 marito
1680 2377 1732 2415 ad

157 2453 347 2491 matrem
378 2451 579 2491 discessit
609 2452 751 2501 ibique
783 2452 940 2492 latitat.
975 2452 1060 2492 Cur
1090 2453 1222 2492 faciat
1248 2453 1329 2492 hoc
1356 2454 1399 2492 et
1425 2463 1547 2492 socer
1575 2453 1667 2491 eius
1690 2454 1734 2491 et

158 2530 281 2578 pater
311 2529 523 2578 ignorant.
556 2529 638 2568 Hic
669 2531 817 2569 autem
850 2531 962 2579 apud
994 2530 1118 2569 illum
1149 2541 1196 2569 se
1228 2530 1418 2569 defendit
1447 2531 1578 2577 atque
1611 2529 1654 2567 in
1687 2538 1745 2567 se*

159 2604 330 2654 culpam
361 2605 527 2644 nullam
559 2615 655 2645 esse
687 2607 922 2646 asseverat.
961 2607 1142 2655 „Illam”
1175 2607 1237 2646 ait

785 2683 839 2722 ad
870 2693 950 2722 vos
980 2683 1119 2723 redire
1152 2683 1317 2733 studeo,

458 2758 503 2797 Si
534 2758 674 2799 facere
707 2759 872 2808 possim
902 2760 989 2799 ullo
1022 2761 1163 2800 modo.

160 2833 271 2874 Tum
303 2844 426 2874 socer
458 2835 604 2884 rogat:

786 2911 901 2961 Quae
934 2922 1003 2951 res
1035 2914 1091 2951 te.
1110 2912 1152 2951 id
1183 2912 1325 2951 facere
1345 2897 1585 2960 prohibet?

459 2986 562 3036 Eho,
596 2987 806 3036 numquid
838 2998 941 3027 nam
973 2990 1150 3028 accusat
1182 2989 1358 3027 virum?
