2002 3464
935 365 1019 404 149

246 491 313 530 14.
346 490 494 530 Davus
520 490 749 537 conspecto
777 487 1005 528 Chremete
1033 488 1176 527 subito
1203 498 1250 527 se
1277 488 1438 537 litigari
1467 499 1565 528 cum
1594 491 1758 539 Myside

183 566 370 616 Glycerii
415 565 583 615 ancilla,
627 575 736 613 quae
777 565 906 604 modo
939 564 1075 614 ipsius
1108 564 1228 603 iussu
1260 575 1444 613 puerum
1477 575 1500 604 e
1531 565 1757 615 Pamphilo

181 644 338 699 natum
367 643 468 682 ante
501 641 690 680 Simonis
721 641 885 680 ostium
912 640 1122 691 deposuit,
1151 641 1344 680 simulat.
1374 641 1454 680 Illa
1481 643 1630 681 autem
1657 643 1757 691 quid

181 718 264 758 sibi
294 718 388 758 eius
417 717 562 756 minae
594 718 638 755 et
669 717 902 756 maledicta
928 714 1069 756 velint
1093 727 1178 756 non
1206 717 1422 766 intelligit.
1451 718 1505 757 Et
1532 717 1616 757 alia
1643 718 1758 758 servi

180 794 312 834 verba
341 794 445 833 sunt
475 794 520 832 et
549 793 678 832 haec:

1175 870 1366 909 Verbum
1399 871 1436 909 si
1468 870 1577 909 mihi

370 944 531 995 Unum,
564 946 868 994 praeterquam
900 946 1012 994 quod
1044 947 1087 985 te
1119 957 1234 996 rogo,
1268 947 1395 997 faxis,
1431 957 1549 986 cave.

178 1022 445 1061 Annotatur:
477 1021 879 1070 praeterquam
912 1022 1053 1070 quod
1085 1023 1138 1061 te
1170 1024 1328 1071 rogo]
1362 1023 1469 1072 „hoc
1495 1024 1564 1062 est
1590 1023 1756 1061 sensim

179 1098 223 1138 et
262 1097 314 1137 ut
337 1107 473 1136 senex
504 1097 667 1135 sentiat
697 1097 967 1146 pronuntiari
1000 1098 1187 1146 potest.'’
1223 1098 1435 1147 Quoniam
1466 1098 1594 1147 paulo
1626 1109 1757 1148 supra

178 1173 232 1214 ad
277 1173 455 1222 Mysidis
500 1174 634 1212 verba
679 1184 785 1213 non
831 1175 888 1214 tu
931 1175 1084 1223 ipse?
1117 1175 1375 1213 annotatum
1408 1176 1476 1214 est
1510 1177 1757 1225 „submissa

155 1250 325 1299 ‘voces’
362 1249 558 1299 suspicor
588 1250 804 1289 sensim
837 1250 882 1289 in
913 1250 1071 1289 vitioso
1104 1251 1368 1289 scholiorum
1401 1261 1602 1291 sermone
1635 1263 1754 1291 esse:

180 1321 269 1375 „ita
298 1326 348 1364 ut
378 1326 517 1365 audiri
547 1326 737 1375 possit”;
770 1326 916 1374 itaque
944 1328 1033 1365 est
1059 1328 1135 1366 aut
1163 1327 1393 1366 delendum
1420 1329 1496 1366 aut
1521 1339 1597 1377 pro
1625 1339 1674 1368 eo
1702 1331 1756 1368 et

175 1401 430 1451 legendum;
471 1402 664 1451 potest
706 1403 855 1441 autem
897 1402 1006 1441 Davi
1049 1403 1214 1441 dictum
1247 1403 1309 1442 ita
1339 1404 1621 1454 pronuntiari,
1656 1405 1758 1453 quia

174 1488 328 1527 parum
355 1477 538 1517 interest
564 1479 712 1517 utrum
739 1488 875 1517 senex
902 1479 1050 1517 audiat
1077 1489 1133 1517 an
1158 1489 1255 1518 non.
1275 1479 1536 1519 Praescribit
1553 1480 1669 1519 enim
1688 1481 1756 1520 his

174 1553 320 1593 verbis
349 1553 497 1593 Davus
528 1554 684 1603 Mysidi
716 1555 817 1602 quid
850 1555 888 1594 ei
920 1555 979 1593 sit
1006 1555 1235 1605 agendum,
1265 1555 1341 1594 sed
1368 1555 1476 1594 nihil
1503 1556 1618 1595 inest
1643 1558 1756 1605 quod

175 1628 396 1669 Chremeti
442 1630 590 1669 dolum
637 1640 663 1669 a
709 1630 828 1670 Davo
876 1631 1094 1670 structum
1141 1631 1313 1670 indicet.
1363 1632 1504 1671 Prava
1545 1643 1646 1681 ergo
1688 1634 1756 1672 est

165 1705 468 1745 westerhovii
500 1705 769 1745 coniectura:
809 1706 916 1755 „hoc
948 1707 1113 1746 sensim
1145 1709 1189 1746 et
1221 1718 1284 1746 ne
1312 1718 1448 1747 senex
1475 1708 1637 1748 sentiat
1663 1720 1754 1758 pro-

175 1781 366 1820 nuntiari
396 1782 560 1830 patet.”

236 1857 305 1896 28.
354 1856 492 1907 Quid
534 1858 838 1897 clamitas?
880 1859 1015 1907 Mysis
1057 1861 1192 1908 rogat.
1238 1860 1485 1899 Annotatur
1521 1861 1755 1910 „clamavit

175 1932 293 1972 enim
337 1932 486 1973 Davus
532 1934 583 1973 ut
622 1944 806 1983 puerum
849 1934 1018 1974 audiret
1061 1934 1311 1978 Chremes.''
1355 1936 1477 1975 Istud
1520 1947 1753 1985 puerum

174 2008 372 2049 additum
413 2009 517 2058 puto
559 2009 612 2048 ab
655 2020 704 2048 eo
742 2010 815 2058 qui
852 2010 1048 2050 scholion
1080 2022 1166 2050 non
1198 2002 1474 2061 intelligeret.
1508 2013 1603 2051 Non
1636 2013 1753 2052 enim

174 2096 282 2136 opus
311 2086 380 2125 est
409 2087 460 2125 ut
488 2096 672 2135 puerum
704 2087 852 2126 audiat
883 2086 1102 2138 Chremes,
1138 2089 1344 2137 quoniam
1371 2089 1481 2128 vidit
1509 2090 1751 2139 tetigitque.

173 2162 243 2202 An
287 2161 370 2202 hoc
413 2162 511 2201 vult
550 2162 815 2203 Scholiasta:
862 2163 1036 2213 „Davus
1078 2165 1270 2204 nondum
1304 2166 1421 2204 certo
1453 2165 1537 2204 scit
1568 2176 1594 2205 a
1626 2165 1751 2205 Chre-

173 2238 291 2277 mete
321 2247 504 2287 puerum
534 2238 702 2287 visum;
737 2249 850 2289 ergo,
879 2239 918 2278 si
944 2239 1055 2279 forte
1082 2250 1169 2279 non
1196 2240 1364 2290 viderit,
1394 2242 1444 2280 ut
1471 2241 1631 2281 clamet
1646 2253 1753 2291 puer

174 2312 340 2353 efficere
381 2314 561 2354 conatur
601 2314 706 2353 dum
748 2315 909 2354 clamat
950 2315 1085 2364 ipse.'’
1122 2315 1181 2355 At
1211 2316 1403 2365 primum
1435 2317 1752 2366 quis-unquam

174 2389 400 2429 clamando
445 2400 596 2429 recens
631 2390 724 2430 nati
755 2391 876 2440 pueri
910 2391 1107 2440 vagitum
1139 2393 1377 2440 provocat?
1408 2393 1597 2432 Facilius
1630 2394 1751 2432 certi-

172 2475 310 2514 usque
356 2465 472 2505 idem
517 2466 604 2506 levi
650 2467 772 2516 pedis
815 2467 903 2506 ictu
945 2467 1039 2507 fieri
1070 2469 1227 2518 potest.
1261 2468 1423 2508 Deinde
1455 2469 1567 2525 hanc
1598 2469 1751 2509 scholii

174 2541 508 2591 explicationem
539 2542 626 2582 alia
655 2543 820 2583 scholia
851 2544 1066 2583 refellunt.
1100 2544 1207 2583 Vide
1236 2545 1353 2584 enim
1381 2545 1492 2594 quod
1520 2546 1573 2584 ad
1599 2556 1664 2585 vs.
1695 2546 1750 2585 26

174 2618 242 2656 est
287 2617 576 2667 adscriptum:
623 2619 779 2659 Hem!
824 2620 986 2668 quid?
1028 2620 1370 2670 Pamphili?]
1419 2623 1624 2670 „apparet
1659 2632 1749 2660 mu-

172 2692 325 2732 lierem
380 2694 564 2733 vestri
620 2696 664 2735 et
709 2696 994 2745 Pamphili
1042 2696 1203 2736 lentius
1250 2676 1567 2747 pronuntiasse,
1618 2694 1750 2746 quam

172 2769 320 2808 Davus
352 2769 496 2820 vellet,
529 2772 573 2810 et
604 2771 699 2811 ideo
729 2783 844 2812 nunc
877 2773 916 2819 (l.
951 2773 1108 2819 hunc)
1142 2773 1351 2822 repetisse
1378 2784 1537 2812 nomen
1564 2774 1750 2813 nostri

173 2847 218 2885 et
242 2845 556 2894 Pamphili'’
575 2848 620 2886 et
639 2847 799 2898 „hem‚
829 2848 990 2896 quid?
1017 2848 1315 2898 Pamphili]
1336 2849 1444 2888 duas
1460 2859 1530 2889 res
1548 2851 1756 2899 operatur,

172 2921 319 2961 Davus
365 2921 510 2972 simul,
560 2923 604 2962 et
643 2925 692 2963 ut
733 2924 1060 2973 ignarissimum
1102 2935 1149 2964 se
1191 2925 1404 2975 ostendat,
1450 2927 1494 2965 et
1535 2927 1584 2966 ut
1625 2925 1747 2965 Pam-
